SECOND	COUNTDOWN	LON_BUOY_P	LAT_BUOY_P	LON_BUOY_S	LAT_BUOY_S	TWD	LON_BOAT	LAT_BOAT	BOAT_SPEED	DISTANCE_START_LINE	DISTANCE_P	DISTANCE_S	FL_TWD	GAIN	TTB_P	TTB_S	TTB_VMG_P	TTB_VMG_S	DISTANCE_VMG_P	DISTANCE_VMG_S	VMG	HEADING
20800	5:00	0.000000	0.000000	1341.052979	4540.818848	215.000000	1341.108643	4540.820312	6.400000	68.481194	5270292.500000	72.086647	285.433807	-4936773.500000	496:07:06	0:19	-:-	0:22	-256.725189	82.322739	7.200000	296.100006
20801	5:58	0.000000	0.000000	1341.052979	4540.818848	215.000000	1341.107666	4540.820801	6.100000	67.224648	5270291.500000	70.847084	285.433807	-4942484.500000	496:34:35	0:19	-:-	0:22	-248.730865	80.819145	7.200000	293.500000
20802	9:57	0.000000	0.000000	1341.052979	4540.818848	215.000000	1341.104248	4540.821777	6.100000	62.198513	5270292.500000	66.548645	285.433777	-4941838.500000	498:57:33	0:18	-:-	0:20	-231.360260	75.062866	7.200000	293.500000
20803	9:56	0.000000	0.000000	1341.052979	4540.818848	215.000000	1341.103394	4540.822266	6.100000	61.570248	5270292.500000	65.517982	285.433777	-4941244.000000	503:30:08	0:18	-:-	0:20	-226.833115	73.493156	7.200000	293.500000
20804	9:55	0.000000	0.000000	1341.052979	4540.818848	215.000000	1341.101196	4540.823242	5.900000	57.800655	5270294.000000	62.966686	285.433777	-4942488.000000	503:59:32	0:17	-:-	0:19	-213.774506	69.461533	7.200000	293.399994
20805	9:54	0.000000	0.000000	1341.052979	4540.818848	215.000000	1341.099609	4540.823730	5.900000	55.287582	5270294.000000	61.108639	285.433777	-4943629.500000	501:10:24	0:16	-:-	0:18	-205.223251	66.859184	7.200000	293.399994
20806	9:53	0.000000	0.000000	1341.052979	4540.818848	215.000000	1341.098755	4540.824219	5.800000	54.659317	5270294.000000	60.077854	285.433777	-4944933.500000	500:44:17	0:16	-:-	0:18	-200.309219	65.455170	7.200000	293.299988
20807	9:52	0.000000	0.000000	1341.052979	4540.818848	215.000000	1341.095581	4540.825684	5.800000	49.633186	5270295.500000	56.580563	285.433746	-4947907.500000	501:58:32	0:15	-:-	0:16	-182.408066	60.016380	7.200000	293.299988
20808	9:51	0.000000	0.000000	1341.052979	4540.818848	215.000000	1341.094727	4540.826172	5.800000	48.376656	5270296.000000	55.698811	285.433746	-4950632.000000	503:26:13	0:15	-:-	0:16	-176.377029	58.398273	7.200000	293.299988
20809	9:50	0.000000	0.000000	1341.052979	4540.818848	215.000000	1341.092773	4540.826660	5.600000	45.863583	5270296.000000	53.597466	285.433746	-4949850.500000	507:13:06	0:15	-:-	0:15	-166.487732	55.024700	7.200000	290.899994
20810	9:49	0.000000	0.000000	1341.052979	4540.818848	215.000000	1341.091309	4540.827637	5.600000	43.350513	5270296.500000	52.198936	285.433716	-4949131.000000	513:08:31	0:14	-:-	0:14	-159.092438	52.493206	7.200000	290.899994
20811	9:48	0.000000	0.000000	1341.052979	4540.818848	215.000000	1341.090332	4540.828125	5.400000	42.093983	5270297.500000	51.206890	285.433716	-4961495.500000	517:08:51	0:14	-:-	-:-	-150.017746	50.932480	7.200000	285.700012
20812	9:47	0.000000	0.000000	1341.052979	4540.818848	215.000000	1341.088135	4540.828613	5.400000	38.952641	5270297.500000	49.018440	285.433716	-4953864.000000	517:58:36	0:14	-:-	-:-	-141.445404	47.183346	7.200000	285.700012
20813	9:46	0.000000	0.000000	1341.052979	4540.818848	215.000000	1341.085083	4540.829590	5.400000	34.554764	5270297.500000	46.038059	285.433716	-4946761.500000	521:28:02	0:14	-:-	-:-	-127.349213	41.790176	7.200000	285.700012
20814	9:45	0.000000	0.000000	1341.052979	4540.818848	215.000000	1341.083130	4540.830078	5.300000	32.041691	5270297.500000	44.440022	285.433685	-4946287.000000	521:10:00	0:14	-:-	-:-	-117.605301	38.550385	7.200000	281.700012
20815	9:44	0.000000	0.000000	1341.052979	4540.818848	215.000000	1341.081665	4540.830566	5.300000	30.156887	5270298.000000	43.120487	285.433685	-4945849.000000	517:41:21	0:14	-:-	-:-	-109.663322	35.910713	7.200000	281.700012
20816	9:43	0.000000	0.000000	1341.052979	4540.818848	215.000000	1341.080566	4540.830566	5.200000	28.900347	5270297.500000	41.980000	285.433685	-4952028.500000	517:44:37	0:14	-:-	-:-	-104.023087	34.553368	7.200000	279.100006
20817	9:42	0.000000	0.000000	1341.052979	4540.818848	215.000000	1341.078857	4540.831543	5.200000	25.759008	5270298.000000	40.819611	285.433655	-4945310.000000	516:55:53	0:14	-:-	-:-	-95.506935	31.236156	7.200000	279.100006
20818	9:41	0.000000	0.000000	1341.052979	4540.818848	215.000000	1341.076172	4540.832031	5.200000	21.989397	5270298.000000	38.808361	285.433655	-4939068.500000	515:53:46	0:14	-:-	-:-	-83.339989	26.866611	7.200000	279.100006
20819	9:40	0.000000	0.000000	1341.052979	4540.818848	216.000000	1341.074707	4540.832520	5.100000	20.104593	5270298.500000	37.957962	285.433655	-4928602.500000	514:15:05	0:14	-:-	-:-	-77.503395	24.387403	7.200000	273.399994
20820	9:39	0.000000	0.000000	1341.052979	4540.818848	216.000000	1341.072510	4540.833008	5.100000	17.591516	5270297.500000	36.422329	285.433655	-4918832.000000	512:42:57	0:14	-:-	-:-	-67.062424	20.629511	7.200000	273.399994
20821	9:38	0.000000	0.000000	1341.052979	4540.818848	216.000000	1341.070801	4540.833008	5.100000	15.706709	5270297.000000	35.019218	285.433655	-4909725.000000	511:17:31	0:13	-:-	-:-	-60.044277	18.083874	7.200000	273.399994
20822	9:37	0.000000	0.000000	1341.052979	4540.818848	217.000000	1341.068481	4540.833496	4.900000	11.937100	5270297.500000	34.069057	285.433624	-4896910.500000	508:27:12	0:13	-:-	-:-	-48.317547	14.123633	7.200000	267.700012
20823	9:36	0.000000	0.000000	1341.052979	4540.818848	217.000000	1341.065674	4540.833984	4.900000	8.167489	5270297.000000	32.841198	285.433594	-4884926.500000	505:06:21	0:12	-:-	-:-	-34.239975	9.731474	7.200000	267.700012
20824	9:35	0.000000	0.000000	1341.052979	4540.818848	217.000000	1341.063721	4540.833984	4.900000	6.282682	5270296.000000	31.621874	285.433594	-4887630.000000	505:01:37	0:11	-:-	-:-	-23.795689	6.806124	7.200000	262.700012
20825	9:34	0.000000	0.000000	1341.052979	4540.818848	217.000000	1341.062134	4540.833496	4.900000	4.397876	5270294.500000	30.016403	285.433594	-4870951.000000	504:17:02	0:11	-:-	-:-	-17.829268	4.903059	7.200000	262.700012
20826	9:33	0.000000	0.000000	1341.052979	4540.818848	218.000000	1341.061035	4540.833496	4.900000	2.513072	5270294.000000	29.462509	285.433594	-4855296.500000	504:48:59	0:10	-:-	-:-	-11.840620	3.137212	7.200000	262.700012
20827	9:32	0.000000	0.000000	1341.052979	4540.818848	218.000000	1341.058716	4540.833496	4.800000	0.000000	5270293.000000	28.553940	285.433594	-4839179.000000	504:08:17	0:09	-:-	-:-	0.907464	-0.231306	7.200000	259.600006
20828	9:31	0.000000	0.000000	1341.056152	4540.833496	219.000000	1341.056152	4540.833496	4.800000	0.000000	5270291.500000	0.000000	285.433533	-4824110.500000	503:01:28	0:00	-:-	0:00	-0.000000	0.000000	7.200000	259.600006
20829	9:30	0.000000	0.000000	1341.056152	4540.833496	219.000000	1341.054443	4540.833496	4.700000	-1.884803	5270291.000000	2.222998	285.433533	-4816301.000000	502:21:10	0:00	OUT	OUT	10.488373	-2.528254	7.200000	257.500000
20830	9:29	0.000000	0.000000	1341.056152	4540.833496	219.000000	1341.052979	4540.833496	4.700000	-3.769605	5270290.500000	4.075497	285.433533	-4800592.500000	499:50:09	0:01	OUT	OUT	19.744047	-4.577670	7.200000	257.500000
20831	9:28	0.000000	0.000000	1341.056152	4540.833496	220.000000	1341.051636	4540.833496	4.700000	-5.026140	5270290.000000	5.779796	285.433533	-4785913.500000	497:38:31	0:01	OUT	OUT	28.572643	-6.384554	7.200000	257.500000
20832	9:27	0.000000	0.000000	1341.056152	4540.833496	220.000000	1341.049316	4540.833496	4.700000	-8.795743	5270288.500000	8.891994	285.433502	-4760317.000000	489:47:31	0:02	OUT	OUT	46.565918	-9.743006	7.200000	253.000000
20833	9:26	0.000000	0.000000	1341.056152	4540.833496	221.000000	1341.047363	4540.833496	4.700000	-11.308811	5270288.000000	11.337292	285.433502	-4736192.500000	479:03:50	0:03	OUT	OUT	63.127594	-12.391440	7.200000	253.000000
20834	9:25	0.000000	0.000000	1341.056152	4540.833496	221.000000	1341.046265	4540.833008	4.800000	-11.937074	5270286.000000	12.882317	285.433502	-4747624.000000	478:20:02	0:03	OUT	OUT	66.975990	-13.553897	7.200000	242.500000
20835	9:24	0.000000	0.000000	1341.056152	4540.833496	221.000000	1341.042236	4540.832031	4.800000	-16.963200	5270282.500000	18.249537	285.433472	-4719372.000000	478:07:51	0:05	OUT	OUT	99.942795	-18.741037	7.200000	242.500000
20836	9:23	0.000000	0.000000	1341.056152	4540.833496	222.000000	1341.040894	4540.831543	4.800000	-17.591459	5270280.500000	20.161982	285.433472	-4692732.000000	479:48:51	0:05	OUT	OUT	116.059090	-20.195026	7.200000	242.500000
20837	9:22	0.000000	0.000000	1341.056152	4540.833496	223.000000	1341.038208	4540.830078	5.200000	-20.104513	5270277.500000	24.050461	285.433472	-4659157.500000	475:59:59	0:06	OUT	OUT	146.246246	-23.048086	7.200000	227.199997
20838	9:21	0.000000	0.000000	1341.056152	4540.833496	224.000000	1341.036255	4540.829590	5.200000	-22.617569	5270275.500000	26.893730	285.433441	-4627440.500000	469:33:47	0:07	OUT	OUT	177.531876	-25.329811	7.200000	227.199997
20839	9:20	0.000000	0.000000	1341.056152	4540.833496	222.000000	1341.035400	4540.829102	5.600000	-23.874094	5270274.000000	28.204802	285.433441	-4688017.000000	477:55:50	0:07	OUT	OUT	154.538956	-26.528408	7.200000	201.100006
20840	9:19	0.000000	0.000000	1341.056152	4540.833496	223.000000	1341.033936	4540.827148	5.600000	-24.502340	5270270.000000	31.108103	285.433441	-4661782.500000	480:27:20	0:08	OUT	OUT	171.682602	-27.273094	7.200000	201.100006
20841	9:18	0.000000	0.000000	1341.056152	4540.833496	223.000000	1341.032959	4540.824219	5.600000	-23.874048	5270264.000000	34.901543	285.433441	-4637172.500000	517:21:08	0:09	OUT	OUT	119.453705	-25.897188	6.400000	201.100006
20842	9:17	0.000000	0.000000	1341.056152	4540.833496	223.000000	1341.032837	4540.822266	6.000000	-23.245768	5270260.500000	36.932049	285.433441	-4641417.500000	524:14:56	0:09	OUT	OUT	116.028419	-25.379240	6.400000	177.399994
20843	9:16	0.000000	0.000000	1341.056152	4540.833496	223.000000	1341.032959	4540.820801	6.000000	-22.617493	5270258.000000	38.540760	285.433441	-4645307.000000	526:56:26	0:09	OUT	OUT	109.817627	-24.216387	6.400000	177.399994
20844	9:15	0.000000	0.000000	1341.056152	4540.833496	222.000000	1341.033325	4540.819824	6.400000	-21.989225	5270257.000000	38.957668	285.433441	-4706413.500000	536:45:22	0:08	OUT	OUT	94.592117	-23.604095	6.400000	160.300003
20845	9:14	0.000000	0.000000	1341.056152	4540.833496	222.000000	1341.034058	4540.817383	6.400000	-19.476154	5270252.500000	41.846535	285.433472	-4699643.000000	522:59:52	0:10	OUT	OUT	86.086960	-21.196188	6.400000	160.300003
20846	9:13	0.000000	0.000000	1341.056152	4540.833496	222.000000	1341.034668	4540.814453	6.400000	-16.963087	5270248.000000	44.855736	285.433472	-4693387.000000	475:47:12	0:12	OUT	OUT	112.016937	-19.528292	7.200000	160.300003
20847	9:12	0.000000	0.000000	1341.056152	4540.833496	221.000000	1341.036377	4540.812012	6.900000	-14.450027	5270244.000000	47.727085	285.433472	-4726516.000000	457:09:48	0:13	OUT	OUT	82.293373	-15.736219	7.200000	147.399994
20848	9:11	0.000000	0.000000	1341.056152	4540.833496	220.000000	1341.037842	4540.810547	6.900000	-11.308712	5270242.000000	49.343525	285.433472	-4756193.500000	441:20:01	0:13	OUT	OUT	62.333790	-12.902377	7.760000	147.399994
20849	9:10	0.000000	0.000000	1341.056152	4540.833496	219.000000	1341.038940	4540.809570	7.200000	-9.423926	5270241.500000	49.817318	285.433472	-4797151.000000	448:23:41	0:13	OUT	OUT	47.752243	-10.976564	7.760000	142.699997
20850	9:08	0.000000	0.000000	1341.056152	4540.833496	219.000000	1341.040161	4540.808105	7.200000	-6.910876	5270239.000000	51.847496	285.433472	-4805718.000000	450:46:55	0:14	OUT	OUT	36.111820	-8.480111	7.760000	142.699997
20851	9:07	0.000000	0.000000	1341.056152	4540.833496	219.000000	1341.042725	4540.805176	7.200000	-3.141305	5270235.000000	55.816071	285.433502	-4813523.000000	479:11:25	0:15	OUT	OUT	12.471099	-2.985701	7.200000	142.699997
20852	9:06	0.000000	0.000000	1341.056152	4540.833496	219.000000	1341.044800	4540.803223	7.400000	0.628261	5270233.000000	58.300480	285.433502	-4800951.500000	490:40:55	0:16	-:-	0:00	-4.932050	1.144525	7.200000	142.600006
20853	9:05	0.000000	0.000000	1341.056152	4540.833496	220.000000	1341.046143	4540.801758	7.400000	3.769562	5270230.500000	60.792950	285.433533	-4789254.000000	486:39:52	0:17	-:-	0:01	-16.710014	3.765528	7.200000	142.600006
20854	9:04	0.000000	0.000000	1341.056152	4540.833496	220.000000	1341.046875	4540.800781	7.400000	4.397822	5270229.500000	61.828453	285.433533	-4770870.000000	485:06:36	0:17	-:-	0:01	-24.826212	5.338365	7.200000	145.000000
20855	9:03	0.000000	0.000000	1341.056152	4540.833496	221.000000	1341.048584	4540.798828	7.500000	7.539120	5270227.000000	65.211250	285.433533	-4745050.500000	477:00:25	0:18	-:-	0:02	-43.806160	8.804717	7.200000	145.000000
20856	9:02	0.000000	0.000000	1341.056152	4540.833496	221.000000	1341.051147	4540.796387	7.500000	11.936933	5270223.500000	69.458145	285.433533	-4720750.000000	467:21:37	0:19	-:-	0:03	-72.758606	13.695251	7.200000	145.000000
20857	9:01	0.000000	0.000000	1341.056152	4540.833496	222.000000	1341.053223	4540.794434	7.600000	15.706483	5270221.000000	73.067345	285.433563	-4687567.500000	462:43:04	0:20	-:-	0:04	-103.367477	17.721067	7.200000	146.300003
20858	9:00	0.000000	0.000000	1341.056152	4540.833496	223.000000	1341.054688	4540.792969	7.600000	18.219515	5270219.500000	75.537720	285.433563	-4656207.500000	462:11:33	0:20	-:-	0:05	-130.464508	20.376730	7.200000	146.300003
20859	8:59	0.000000	0.000000	1341.056152	4540.833496	224.000000	1341.055542	4540.791992	7.600000	19.476025	5270217.500000	77.215523	285.433563	-4624551.000000	459:01:57	0:21	-:-	0:06	-154.190475	21.793812	7.200000	146.899994
20860	8:58	0.000000	0.000000	1341.056152	4540.833496	224.000000	1341.057129	4540.790039	7.700000	22.617311	5270215.500000	80.615738	285.433594	-4592240.000000	454:57:15	0:22	-:-	0:06	-196.020981	24.839180	7.200000	146.899994
20861	8:57	0.000000	0.000000	1341.056152	4540.833496	225.000000	1341.060059	4540.787109	7.700000	27.643362	5270212.000000	86.272682	285.433594	-4561859.000000	452:10:18	0:23	-:-	0:08	-268.754425	30.478313	7.200000	146.899994
20862	8:56	0.000000	0.000000	1341.056152	4540.833496	226.000000	1341.060059	4540.787109	7.700000	30.784636	5270209.000000	89.809044	285.433594	-4530732.000000	448:17:47	0:23	-:-	0:09	-334.041443	33.463734	7.200000	147.600006
20863	8:55	0.000000	0.000000	1341.056152	4540.833496	226.000000	1341.063232	4540.783691	7.700000	33.925911	5270207.000000	92.939980	285.433594	-4509594.500000	440:40:03	0:23	-:-	0:10	-397.907623	36.375069	7.200000	147.600006
20864	8:54	0.000000	0.000000	1341.056152	4540.833496	227.000000	1341.064209	4540.782715	7.700000	35.182419	5270205.500000	95.172951	285.433624	-4489920.500000	432:21:19	0:24	-:-	0:10	-456.725739	38.095982	7.200000	147.600006
20865	8:53	0.000000	0.000000	1341.056152	4540.833496	227.000000	1341.065918	4540.780273	7.700000	38.951935	5270202.000000	99.647728	285.433624	-4475545.500000	435:21:06	0:25	-:-	0:11	-535.205078	41.558910	7.200000	151.500000
20866	8:52	0.000000	0.000000	1341.056152	4540.833496	227.000000	1341.067993	4540.777344	7.700000	42.721439	5270197.000000	105.904366	285.433624	-4462227.000000	451:13:50	0:28	-:-	0:13	-636.773132	46.087761	7.200000	151.500000
20867	8:51	0.000000	0.000000	1341.056152	4540.833496	228.000000	1341.067993	4540.777344	7.800000	45.234444	5270194.500000	109.550690	285.433655	-4439172.000000	453:15:29	0:30	-:-	0:14	-768.529236	48.716522	7.200000	154.199997
20868	8:50	0.000000	0.000000	1341.056152	4540.833496	228.000000	1341.070557	4540.773926	7.800000	47.747448	5270192.500000	112.708931	285.433655	-4421735.000000	442:15:45	0:29	-:-	0:14	-896.580688	50.839371	7.200000	154.199997
20869	8:49	0.000000	0.000000	1341.056152	4540.833496	228.000000	1341.071289	4540.772461	7.800000	49.003941	5270190.500000	114.961983	285.433655	-4405557.500000	427:16:59	0:28	-:-	0:14	-1038.621826	52.538605	7.200000	154.199997
20870	8:48	0.000000	0.000000	1341.056152	4540.833496	229.000000	1341.072632	4540.770508	7.900000	52.145191	5270187.500000	119.450241	285.433655	-4378281.000000	419:49:29	0:28	-:-	0:15	-1365.316284	55.217087	7.200000	155.199997
20871	8:47	0.000000	0.000000	1341.056152	4540.833496	229.000000	1341.073608	4540.768555	7.900000	54.029926	5270184.500000	123.003006	285.433655	-4352849.000000	416:21:16	0:29	-:-	0:15	-1840.302734	57.369267	7.200000	155.199997
20872	8:46	0.000000	0.000000	1341.056152	4540.833496	229.000000	1341.074341	4540.767578	7.900000	55.286427	5270183.500000	124.447166	285.433655	-4340093.500000	414:14:31	0:29	-:-	0:16	-2201.875977	58.548012	7.200000	152.600006
20873	8:45	0.000000	0.000000	1341.056152	4540.833496	230.000000	1341.077148	4540.763184	7.900000	60.940639	5270176.500000	133.466370	285.433685	-4314355.500000	410:27:47	0:31	-:-	0:17	-3691.098389	64.474243	7.200000	152.600006
20874	8:44	0.000000	0.000000	1341.056152	4540.833496	230.000000	1341.077759	4540.762207	7.900000	62.825386	5270175.500000	135.309952	285.433685	-4290400.500000	406:26:51	0:31	-:-	0:18	-7209.276367	65.771088	7.200000	152.600006
20875	8:43	0.000000	0.000000	1341.056152	4540.833496	231.000000	1341.079346	4540.760254	7.800000	64.710121	5270173.000000	139.034851	285.433716	-4270298.500000	404:59:48	0:32	-:-	0:18	-30823.169922	68.559761	7.200000	150.699997
20876	8:42	0.000000	0.000000	1341.056152	4540.833496	231.000000	1341.080566	4540.758301	7.800000	67.851341	5270169.500000	143.530731	285.433716	-4251650.000000	406:46:07	0:33	20:28	0:19	17377.175781	71.142517	7.200000	150.699997
20877	8:41	0.000000	0.000000	1341.056152	4540.833496	231.000000	1341.081543	4540.757324	7.800000	69.736084	5270168.500000	145.052963	285.433716	-4246651.000000	407:41:28	0:33	58:30	0:20	12602.620117	72.776688	7.200000	147.899994
20878	8:40	0.000000	0.000000	1341.056152	4540.833496	232.000000	1341.084717	4540.753906	7.800000	74.762054	5270164.500000	152.196106	285.433716	-4231061.500000	406:50:31	0:34	33:06	0:21	7148.022461	78.500244	7.200000	147.899994
20879	8:39	0.000000	0.000000	1341.056152	4540.833496	232.000000	1341.085693	4540.752930	7.800000	76.646782	5270162.500000	154.579773	285.433746	-4216634.000000	405:58:27	0:35	23:34	0:22	5100.606445	80.366554	7.200000	147.899994
20880	8:38	0.000000	0.000000	1341.056152	4540.833496	232.000000	1341.087891	4540.750000	7.800000	81.044487	5270158.500000	160.216431	285.433746	-4221490.000000	409:16:13	0:36	27:52	0:23	5982.328613	84.674957	7.200000	148.500000
20881	8:37	0.000000	0.000000	1341.056152	4540.833496	232.000000	1341.089111	4540.748535	7.800000	83.557457	5270156.000000	163.507095	285.433746	-4225944.500000	417:04:37	0:39	32:38	0:24	6877.821289	87.212891	7.200000	148.500000
20882	8:36	0.000000	0.000000	1341.056152	4540.833496	232.000000	1341.089844	4540.747559	7.800000	84.813934	5270154.500000	165.787308	285.433746	-4219440.000000	419:36:09	0:40	28:31	0:25	5974.822266	88.614876	7.200000	150.899994
20883	8:35	0.000000	0.000000	1341.056152	4540.833496	231.000000	1341.092285	4540.743652	7.800000	89.839851	5270149.000000	173.179352	285.433777	-4238569.000000	415:16:37	0:40	52:16	0:26	11059.007812	93.791321	7.200000	150.899994
20884	8:34	0.000000	0.000000	1341.056152	4540.833496	231.000000	1341.093018	4540.742676	7.800000	91.096329	5270147.500000	175.482391	285.433777	-4256027.000000	409:03:45	0:40	50:06	0:26	36524.273438	95.631142	7.200000	150.899994
20885	8:33	0.000000	0.000000	1341.056152	4540.833496	231.000000	1341.094604	4540.740234	7.900000	94.237526	5270144.500000	180.110992	285.433777	-4266781.500000	408:48:33	0:41	-:-	0:27	-96361.007812	98.877647	7.200000	151.500000
20886	8:32	0.000000	0.000000	1341.056152	4540.833496	231.000000	1341.095825	4540.738770	7.900000	96.750488	5270142.500000	183.417145	285.433777	-4276626.000000	413:11:10	0:42	-:-	0:28	-23144.183594	101.494850	7.200000	151.500000
20887	8:31	0.000000	0.000000	1341.056152	4540.833496	230.000000	1341.096558	4540.737305	7.900000	98.006935	5270139.500000	186.537857	285.433807	-4289071.000000	415:34:28	0:43	-:-	0:29	-11937.201172	103.414406	7.200000	150.699997
20888	8:30	0.000000	0.000000	1341.056152	4540.833496	230.000000	1341.099121	4540.733887	7.900000	103.032845	5270135.000000	193.587036	285.433807	-4292768.000000	410:59:12	0:43	-:-	0:30	-10945.480469	108.807411	7.200000	150.699997
20889	8:29	0.000000	0.000000	1341.056152	4540.833496	230.000000	1341.099854	4540.732910	7.900000	104.289322	5270134.000000	195.062454	285.433807	-4296162.500000	405:23:55	0:44	-:-	0:30	-9895.098633	110.002647	7.200000	150.699997
20890	8:28	0.000000	0.000000	1341.056152	4540.833496	230.000000	1341.101196	4540.730957	7.800000	106.802269	5270131.500000	198.806000	285.433838	-4300559.000000	406:53:26	0:45	-:-	0:30	-8920.163086	112.786560	7.200000	151.199997
20891	8:27	0.000000	0.000000	1341.056152	4540.833496	230.000000	1341.102295	4540.729004	7.800000	108.686943	5270128.000000	202.891159	285.433838	-4304594.500000	413:20:01	0:46	-:-	0:32	-8210.899414	115.358742	7.200000	151.199997
20892	8:26	0.000000	0.000000	1341.056152	4540.833496	230.000000	1341.103149	4540.728027	7.800000	111.199905	5270126.500000	205.246216	285.433838	-4304049.000000	415:38:17	0:47	-:-	0:32	-8444.291992	117.032608	7.200000	152.199997
20893	8:25	0.000000	0.000000	1341.056152	4540.833496	230.000000	1341.105835	4540.724121	7.800000	116.225769	5270121.000000	212.765900	285.433838	-4301419.000000	414:38:23	0:48	-:-	0:34	-9469.603516	122.564651	7.200000	152.199997
20894	8:24	0.000000	0.000000	1341.056152	4540.833496	230.000000	1341.106445	4540.723633	7.800000	116.854012	5270121.000000	213.799347	285.433838	-4298997.000000	414:26:05	0:48	-:-	0:34	-10195.703125	123.371704	7.200000	152.199997
20895	8:23	0.000000	0.000000	1341.056152	4540.833496	230.000000	1341.107910	4540.721191	7.800000	119.995148	5270116.500000	219.235382	285.433868	-4287788.500000	412:12:51	0:49	-:-	0:35	-15398.332031	126.575768	7.200000	151.500000
20896	8:22	0.000000	0.000000	1341.056152	4540.833496	231.000000	1341.109131	4540.719238	7.800000	122.508080	5270114.000000	222.920273	285.433868	-4277429.000000	409:34:55	0:50	-:-	0:35	-27674.712891	128.948227	7.200000	151.500000
20897	8:21	0.000000	0.000000	1341.056152	4540.833496	231.000000	1341.109985	4540.718262	7.800000	123.764519	5270112.000000	225.280869	285.433868	-4278205.500000	409:17:46	0:50	-:-	0:36	-26521.863281	130.635132	7.200000	149.100006
20898	8:20	0.000000	0.000000	1341.056152	4540.833496	231.000000	1341.112549	4540.714844	7.800000	128.790390	5270108.000000	231.561432	285.433899	-4269870.000000	407:17:34	0:51	-:-	0:37	-65315.507812	135.647766	7.200000	149.100006
20899	8:19	0.000000	0.000000	1341.056152	4540.833496	231.000000	1341.113159	4540.713867	7.800000	130.675095	5270106.500000	233.854874	285.433899	-4262173.500000	404:44:13	0:52	30:17	0:37	253970.953125	136.897522	7.200000	149.100006
20900	8:18	0.000000	0.000000	1341.056152	4540.833496	231.000000	1341.114990	4540.711426	7.800000	133.188004	5270103.500000	238.630875	285.433899	-4266345.000000	408:42:54	0:53	-:-	0:39	-160236.390625	140.514786	7.200000	148.000000
20901	8:17	0.000000	0.000000	1341.056152	4540.833496	231.000000	1341.116333	4540.709961	7.800000	135.700912	5270101.000000	241.990387	285.433899	-4270174.000000	419:25:46	0:57	-:-	0:40	-65671.765625	143.188354	7.200000	148.000000
20902	8:16	0.000000	0.000000	1341.056152	4540.833496	231.000000	1341.117065	4540.708984	7.800000	137.585602	5270099.000000	244.308945	285.433899	-4280144.000000	423:58:47	0:59	-:-	0:41	-25903.492188	144.807800	7.200000	146.500000
20903	8:15	0.000000	0.000000	1341.056152	4540.833496	231.000000	1341.119995	4540.705566	7.800000	142.611450	5270095.000000	251.532440	285.433929	-4284138.500000	420:53:05	0:59	-:-	0:42	-21620.589844	150.530807	7.200000	146.500000
20904	8:13	0.000000	0.000000	1341.056152	4540.833496	230.000000	1341.120728	4540.704590	7.800000	144.496155	5270094.000000	253.075943	285.433929	-4287804.500000	416:32:16	0:58	-:-	0:42	-18474.302734	151.954010	7.200000	146.500000
20905	8:13	0.000000	0.000000	1341.056152	4540.833496	230.000000	1341.122681	4540.702637	7.800000	147.637283	5270090.500000	257.539551	285.433960	-4302254.000000	419:37:59	0:59	-:-	0:44	-11779.188477	155.872116	7.200000	145.800003
20906	8:11	0.000000	0.000000	1341.056152	4540.833496	230.000000	1341.123901	4540.701172	7.800000	149.521973	5270089.000000	260.434937	285.433960	-4315464.000000	426:52:43	1:02	-:-	0:45	-8872.432617	158.418030	7.200000	145.800003
20907	8:10	0.000000	0.000000	1341.056152	4540.833496	230.000000	1341.124878	4540.700195	7.800000	152.034897	5270087.500000	262.882050	285.433960	-4319968.500000	429:03:10	1:03	-:-	0:46	-8261.193359	160.604294	7.200000	147.600006
20908	8:10	0.000000	0.000000	1341.056152	4540.833496	230.000000	1341.128052	4540.696777	7.800000	157.060699	5270082.500000	270.255402	285.433960	-4338357.000000	432:33:13	1:05	-:-	0:48	-6417.513672	166.642746	7.200000	147.600006
20909	8:09	0.000000	0.000000	1341.056152	4540.833496	229.000000	1341.129395	4540.695312	7.800000	159.573608	5270080.500000	273.631165	285.433960	-4355135.000000	437:25:26	1:07	-:-	0:49	-5304.287109	169.724243	7.200000	147.600006
20910	8:07	0.000000	0.000000	1341.056152	4540.833496	229.000000	1341.130859	4540.693359	7.800000	162.714752	5270078.500000	277.457428	285.433990	-4354754.500000	438:51:44	1:08	-:-	0:50	-5416.588867	172.569656	7.200000	149.500000
20911	8:06	0.000000	0.000000	1341.056152	4540.833496	229.000000	1341.132080	4540.691406	7.800000	165.227615	5270075.000000	281.604431	285.433990	-4354404.000000	439:49:15	1:10	-:-	0:51	-5524.578613	175.309799	7.200000	149.500000
20912	8:05	0.000000	0.000000	1341.056152	4540.833496	229.000000	1341.133057	4540.690430	7.800000	166.484085	5270074.500000	283.237885	285.433990	-4363602.000000	441:32:41	1:11	-:-	0:51	-5049.867188	177.092728	7.200000	147.199997
20913	8:04	0.000000	0.000000	1341.056152	4540.833496	229.000000	1341.135986	4540.686523	7.800000	172.138046	5270068.000000	291.716675	285.434021	-4351776.500000	437:42:50	1:12	-:-	0:53	-5943.506836	182.965897	7.200000	147.199997
20914	8:03	0.000000	0.000000	1341.056152	4540.833496	229.000000	1341.136841	4540.685547	7.800000	174.022751	5270067.500000	293.697754	285.434021	-4340835.000000	432:30:44	1:11	-:-	0:53	-6863.735352	184.310059	7.200000	147.199997
20915	8:02	0.000000	0.000000	1341.056152	4540.833496	230.000000	1341.138550	4540.683105	7.900000	177.163834	5270063.500000	298.850281	285.434021	-4328620.500000	423:12:30	1:09	-:-	0:53	-8338.892578	187.628632	7.200000	144.000000
20916	8:01	0.000000	0.000000	1341.056152	4540.833496	230.000000	1341.140015	4540.681641	7.900000	179.676727	5270061.500000	302.286438	285.434021	-4317319.000000	411:46:49	1:08	-:-	0:52	-10261.708008	189.910156	7.200000	144.000000
20917	8:00	0.000000	0.000000	1341.056152	4540.833496	230.000000	1341.141113	4540.680664	8.000000	181.561401	5270060.500000	304.007904	285.434021	-4307292.000000	407:51:13	1:08	-:-	0:52	-12795.057617	191.796890	7.200000	143.899994
20918	7:59	0.000000	0.000000	1341.056152	4540.833496	230.000000	1341.144531	4540.676758	8.000000	187.843628	5270055.500000	312.344086	285.434052	-4303560.000000	410:30:04	1:10	-:-	0:54	-14475.106445	198.124893	7.200000	143.899994
20919	7:58	0.000000	0.000000	1341.056152	4540.833496	230.000000	1341.145752	4540.675293	8.000000	189.728256	5270053.000000	315.650482	285.434082	-4300119.500000	415:14:02	1:12	-:-	0:56	-16050.866211	200.464294	7.200000	143.899994
20920	7:57	0.000000	0.000000	1341.056152	4540.833496	230.000000	1341.147461	4540.673340	8.000000	192.869370	5270050.500000	319.624847	285.434082	-4291829.000000	412:40:17	1:12	-:-	0:56	-21170.457031	203.533493	7.200000	145.199997
20921	7:56	0.000000	0.000000	1341.056152	4540.833496	231.000000	1341.148560	4540.671875	8.000000	195.382233	5270048.000000	322.932220	285.434082	-4284174.500000	406:27:17	1:13	-:-	0:56	-29492.890625	205.670120	7.200000	145.199997
20922	7:55	0.000000	0.000000	1341.056152	4540.833496	231.000000	1341.149780	4540.671387	8.000000	196.638718	5270048.500000	323.933228	285.434082	-4268493.500000	403:04:09	1:13	-:-	0:56	-128902.187500	207.104553	7.200000	147.199997
20923	7:54	0.000000	0.000000	1341.056152	4540.833496	231.000000	1341.151489	4540.669434	7.900000	200.408020	5270045.000000	328.699799	285.434082	-4260475.500000	405:12:34	1:14	29:14	0:58	188414.359375	210.276291	7.200000	147.300003
20924	7:53	0.000000	0.000000	1341.056152	4540.833496	231.000000	1341.153809	4540.666992	7.900000	204.177338	5270042.000000	333.747162	285.434113	-4253074.000000	410:23:43	1:17	36:57	1:00	59273.648438	214.398590	7.200000	147.300003
20925	7:52	0.000000	0.000000	1341.056152	4540.833496	231.000000	1341.155518	4540.664551	7.900000	207.318405	5270039.000000	338.515930	285.434113	-4249294.000000	416:44:43	1:21	31:16	1:01	44535.949219	217.761841	7.200000	150.199997
20926	7:51	0.000000	0.000000	1341.056152	4540.833496	231.000000	1341.156860	4540.663086	7.900000	209.831284	5270037.000000	341.910919	285.434143	-4245811.000000	423:39:27	1:25	55:11	1:03	36336.621094	220.189957	7.200000	150.199997
20927	7:50	0.000000	0.000000	1341.056152	4540.833496	231.000000	1341.157837	4540.662109	7.900000	211.087677	5270035.000000	344.352448	285.434143	-4236917.000000	426:16:03	1:26	59:01	1:04	24545.039062	221.764923	7.200000	151.500000
20928	7:49	0.000000	0.000000	1341.056152	4540.833496	232.000000	1341.159424	4540.659668	7.800000	214.228714	5270031.500000	349.066010	285.434143	-4229146.000000	420:03:44	1:25	32:33	1:04	19363.927734	225.032166	7.200000	151.500000
20929	7:48	0.000000	0.000000	1341.056152	4540.833496	232.000000	1341.161621	4540.656738	7.800000	218.626205	5270027.500000	355.268005	285.434143	-4221972.000000	409:59:17	1:22	16:29	1:04	16385.191406	229.351303	7.200000	151.500000
20930	7:47	0.000000	0.000000	1341.056152	4540.833496	232.000000	1341.163330	4540.654297	7.800000	222.395477	5270024.000000	360.039398	285.434143	-4214912.500000	406:47:48	1:22	5:57	1:04	14236.609375	232.419632	7.200000	151.600006
20931	7:46	0.000000	0.000000	1341.056152	4540.833496	232.000000	1341.164429	4540.652344	7.800000	224.280060	5270021.000000	364.076691	285.434174	-4202633.500000	405:54:14	1:23	53:19	1:05	11534.713867	234.743774	7.200000	151.600006
20932	7:46	0.000000	0.000000	1341.056152	4540.833496	232.000000	1341.165405	4540.651367	7.800000	226.164719	5270020.000000	366.548187	285.434174	-4191279.500000	403:10:12	1:24	45:07	1:05	9824.920898	236.257172	7.200000	151.600006
20933	7:44	0.000000	0.000000	1341.056152	4540.833496	232.000000	1341.166992	4540.648926	7.900000	229.305725	5270016.000000	371.234192	285.434174	-4178099.250000	401:49:04	1:25	38:41	1:05	8453.694336	239.287415	7.200000	149.300003
20934	7:43	0.000000	0.000000	1341.056152	4540.833496	233.000000	1341.168579	4540.645996	7.900000	233.074951	5270012.000000	377.122742	285.434204	-4165909.500000	401:09:00	1:27	34:25	1:06	7532.184082	242.648315	7.200000	149.300003
20935	7:42	0.000000	0.000000	1341.056152	4540.833496	233.000000	1341.170288	4540.643555	7.900000	236.215973	5270008.500000	381.894745	285.434204	-4176739.000000	400:51:45	1:28	39:07	1:07	8565.687500	246.206024	7.200000	144.399994
20936	7:41	0.000000	0.000000	1341.056152	4540.833496	233.000000	1341.171753	4540.642090	7.900000	238.728821	5270006.500000	385.350464	285.434204	-4170508.500000	401:53:13	1:29	37:02	1:08	8091.605469	248.761017	7.200000	144.399994
20937	7:40	0.000000	0.000000	1341.056152	4540.833496	233.000000	1341.172852	4540.641113	7.900000	240.613434	5270004.500000	387.881195	285.434204	-4164761.000000	403:34:27	1:29	35:22	1:09	7694.634766	250.703720	7.200000	144.399994
20938	7:39	0.000000	0.000000	1341.056152	4540.833496	233.000000	1341.174805	4540.639160	7.900000	244.382736	5270002.500000	391.989960	285.434204	-4164885.250000	410:49:06	1:32	36:32	1:11	7812.240234	254.228821	7.200000	139.800003
20939	7:39	0.000000	0.000000	1341.056152	4540.833496	233.000000	1341.177124	4540.637207	7.900000	247.523804	5270000.500000	396.276764	285.434235	-4164998.750000	425:10:48	1:39	38:21	1:14	7942.164062	258.168121	7.200000	139.800003
20940	7:38	0.000000	0.000000	1341.056152	4540.833496	233.000000	1341.178467	4540.636230	7.900000	250.036667	5269999.000000	398.958435	285.434235	-4174108.000000	429:48:36	1:43	42:59	1:16	8812.910156	260.766174	7.200000	137.800003
20941	7:37	0.000000	0.000000	1341.056152	4540.833496	232.000000	1341.180786	4540.634277	7.900000	254.434174	5269996.500000	403.641815	285.434265	-4180665.250000	418:57:46	1:38	45:57	1:15	9646.261719	265.072998	7.200000	137.800003
20942	7:35	0.000000	0.000000	1341.056152	4540.833496	232.000000	1341.183350	4540.632324	7.900000	258.203461	5269994.000000	408.089844	285.434265	-4186684.750000	403:49:12	1:34	48:32	1:14	10552.976562	269.476959	7.200000	137.800003
20943	7:35	0.000000	0.000000	1341.056152	4540.833496	232.000000	1341.185303	4540.630371	7.900000	261.344482	5269991.500000	412.183167	285.434265	-4203772.000000	404:31:51	1:35	3:00	1:15	13675.584961	273.238831	7.200000	139.199997
20944	7:33	0.000000	0.000000	1341.056152	4540.833496	232.000000	1341.186890	4540.628906	7.900000	264.485535	5269989.500000	415.739899	285.434296	-4219389.000000	416:19:08	1:40	28:14	1:18	18622.404297	276.567719	7.200000	139.199997
20945	7:32	0.000000	0.000000	1341.056152	4540.833496	232.000000	1341.187744	4540.627930	7.900000	265.741974	5269989.000000	417.355316	285.434296	-4225765.000000	419:48:04	1:42	44:17	1:19	21830.853516	278.200043	7.200000	141.000000
20946	7:31	0.000000	0.000000	1341.056152	4540.833496	231.000000	1341.189819	4540.625977	7.900000	269.511230	5269986.000000	421.961334	285.434296	-4234686.500000	417:22:12	1:42	17:07	1:20	28866.591797	282.305939	7.200000	141.000000
20947	7:30	0.000000	0.000000	1341.056152	4540.833496	231.000000	1341.192261	4540.623535	7.900000	273.908691	5269983.000000	427.495209	285.434326	-4242863.000000	414:59:24	1:42	12:22	1:21	40720.246094	287.027008	7.200000	141.000000
20948	7:29	0.000000	0.000000	1341.056152	4540.833496	231.000000	1341.194092	4540.621582	7.800000	276.421448	5269980.000000	431.921265	285.434326	-4241201.000000	412:42:13	1:42	59:25	1:21	38186.417969	290.422333	7.200000	141.899994
20949	7:28	0.000000	0.000000	1341.056152	4540.833496	231.000000	1341.196045	4540.619629	7.800000	280.190704	5269977.500000	436.084930	285.434326	-4239669.000000	410:23:13	1:42	49:07	1:22	36196.578125	293.820587	7.200000	141.899994
20950	7:27	0.000000	0.000000	1341.056152	4540.833496	231.000000	1341.197144	4540.618652	7.800000	282.075317	5269976.000000	438.599548	285.434326	-4249173.500000	409:31:05	1:42	40:08	1:22	60082.910156	296.298248	7.200000	139.399994
20951	7:26	0.000000	0.000000	1341.056152	4540.833496	231.000000	1341.198853	4540.616699	7.900000	284.588104	5269973.500000	442.611298	285.434357	-4234776.500000	407:00:26	1:42	22:01	1:23	30645.105469	298.785980	7.200000	139.300003
20952	7:25	0.000000	0.000000	1341.056152	4540.833496	232.000000	1341.202271	4540.614258	7.900000	290.242035	5269971.000000	448.328430	285.434357	-4221453.000000	403:29:01	1:44	38:39	1:23	21468.281250	304.223389	7.200000	139.300003
20953	7:24	0.000000	0.000000	1341.056152	4540.833496	232.000000	1341.204468	4540.612793	7.800000	294.639557	5269969.500000	452.211121	285.434387	-4225020.500000	410:06:07	1:46	50:44	1:26	23715.164062	308.081055	7.200000	138.199997
20954	7:23	0.000000	0.000000	1341.056152	4540.833496	232.000000	1341.206177	4540.611328	7.800000	296.524109	5269967.000000	455.844513	285.434387	-4228298.000000	428:10:58	1:57	7:15	1:30	26133.580078	311.099243	7.200000	138.199997
20955	7:22	0.000000	0.000000	1341.056152	4540.833496	232.000000	1341.207153	4540.610352	7.800000	299.037018	5269967.000000	457.533173	285.434387	-4230870.500000	462:22:51	2:01	-:-	1:31	-5038.313965	306.785187	6.400000	138.300003
20956	7:21	0.000000	0.000000	1341.056152	4540.833496	231.000000	1341.209595	4540.608398	7.700000	302.806183	5269963.500000	462.731720	285.434387	-4235864.000000	430:03:07	2:00	45:24	1:33	33818.312500	317.488098	7.200000	138.300003
20957	7:20	0.000000	0.000000	1341.056152	4540.833496	231.000000	1341.212646	4540.605957	7.700000	307.831909	5269961.500000	468.252930	285.434418	-4240449.000000	426:37:52	2:00	19:19	1:33	41062.429688	322.643524	7.200000	138.300003
20958	7:19	0.000000	0.000000	1341.056152	4540.833496	231.000000	1341.214844	4540.604004	7.700000	311.601135	5269959.000000	472.564758	285.434418	-4236352.500000	425:25:49	2:00	51:17	1:34	35388.960938	326.473846	7.200000	140.199997
20959	7:18	0.000000	0.000000	1341.056152	4540.833496	231.000000	1341.216553	4540.602539	7.700000	314.113922	5269957.000000	476.206299	285.434448	-4236522.000000	424:22:15	2:00	53:31	1:35	35937.718750	329.504211	7.200000	140.199997
20960	7:17	0.000000	0.000000	1341.056152	4540.833496	231.000000	1341.217651	4540.601562	7.700000	315.998535	5269956.000000	477.933960	285.434448	-4236678.000000	421:49:58	1:59	54:28	1:35	36347.750000	331.386902	7.200000	140.199997
20961	7:16	0.000000	0.000000	1341.056152	4540.833496	232.000000	1341.219849	4540.599609	7.700000	319.767731	5269953.000000	482.981293	285.434448	-4229366.000000	421:46:50	2:01	19:11	1:36	29003.843750	335.001221	7.200000	140.399994
20962	7:15	0.000000	0.000000	1341.056152	4540.833496	232.000000	1341.222656	4540.597168	7.700000	324.793365	5269950.000000	488.421539	285.434479	-4222621.000000	423:18:30	2:03	58:39	1:38	24640.595703	339.673340	7.200000	140.399994
20963	7:14	0.000000	0.000000	1341.056152	4540.833496	232.000000	1341.224854	4540.595215	7.800000	327.934326	5269947.500000	493.124207	285.434479	-4213748.000000	423:45:50	2:05	39:02	1:39	20551.765625	343.437561	7.200000	141.000000
20964	7:13	0.000000	0.000000	1341.056152	4540.833496	232.000000	1341.226440	4540.593750	7.800000	331.075378	5269946.000000	496.326141	285.434479	-4197562.500000	427:23:40	2:08	16:17	1:40	15709.215820	345.710541	7.200000	141.000000
20965	7:12	0.000000	0.000000	1341.056152	4540.833496	232.000000	1341.227417	4540.592773	7.800000	332.331726	5269944.500000	498.406311	285.434509	-4182572.500000	455:21:26	2:12	-:-	1:41	-7555.879883	340.869720	6.400000	141.000000
20966	7:11	0.000000	0.000000	1341.056152	4540.833496	233.000000	1341.229736	4540.591309	7.900000	336.101013	5269943.500000	502.007446	285.434509	-4160141.500000	449:00:48	2:12	-:-	1:41	-9067.570312	343.912720	6.400000	139.899994
20967	7:10	0.000000	0.000000	1341.056152	4540.833496	233.000000	1341.232666	4540.588867	7.900000	341.754822	5269940.000000	508.253052	285.434509	-4139318.500000	421:46:01	2:08	41:47	1:41	8721.800781	354.538696	7.200000	139.899994
20968	7:09	0.000000	0.000000	1341.056152	4540.833496	233.000000	1341.232666	4540.588867	7.900000	344.267609	5269938.000000	512.072937	285.434540	-4124129.750000	418:49:59	2:08	37:28	1:42	7872.360352	357.485291	7.200000	139.000000
20969	7:08	0.000000	0.000000	1341.056152	4540.833496	234.000000	1341.236328	4540.584961	7.900000	348.036774	5269935.000000	516.828552	285.434540	-4108693.250000	420:31:00	2:10	34:17	1:43	7176.686523	360.324158	7.200000	139.000000
20970	7:07	0.000000	0.000000	1341.056152	4540.833496	234.000000	1341.237549	4540.583984	7.900000	349.921295	5269933.000000	519.424072	285.434540	-4094414.000000	421:50:29	2:11	31:45	1:44	6630.064453	362.067413	7.200000	139.000000
20971	7:06	0.000000	0.000000	1341.056152	4540.833496	234.000000	1341.239990	4540.582031	7.800000	353.690521	5269931.000000	523.927490	285.434570	-4083069.750000	416:03:52	2:10	29:47	1:43	6297.030273	365.751892	7.200000	132.500000
20972	7:05	0.000000	0.000000	1341.056152	4540.833496	234.000000	1341.243652	4540.580078	7.800000	359.344482	5269930.000000	529.079163	285.434570	-4072591.750000	405:32:05	2:07	28:00	1:42	6058.226074	371.207794	7.200000	132.500000
20973	7:04	0.000000	0.000000	1341.056152	4540.833496	234.000000	1341.243652	4540.580078	7.800000	362.485474	5269928.000000	532.703186	285.434570	-4079755.000000	403:15:52	2:08	29:09	1:43	6344.288574	374.913177	7.200000	128.899994
20974	7:03	0.000000	0.000000	1341.056152	4540.833496	234.000000	1341.247925	4540.577148	7.800000	365.626526	5269927.000000	536.159363	285.434601	-4088185.000000	414:40:27	2:12	31:35	1:47	6697.833008	378.560455	7.200000	128.899994
20975	7:02	0.000000	0.000000	1341.056152	4540.833496	234.000000	1341.249146	4540.576172	7.800000	367.511047	5269925.000000	538.794739	285.434601	-4095918.000000	445:18:28	2:25	-:-	1:52	-21049.574219	374.965210	6.400000	128.899994
20976	7:01	0.000000	0.000000	1341.056152	4540.833496	234.000000	1341.251831	4540.574707	7.800000	371.908508	5269923.500000	543.009583	285.434631	-4105321.500000	446:50:14	2:27	-:-	1:53	-18299.730469	379.128448	6.400000	127.599998
20977	7:00	0.000000	0.000000	1341.056152	4540.833496	234.000000	1341.255249	4540.572754	7.800000	376.934204	5269922.000000	548.091370	285.434631	-4113944.500000	422:26:08	2:20	38:37	1:52	8050.789062	391.113678	7.200000	127.599998
20978	6:59	0.000000	0.000000	1341.056152	4540.833496	233.000000	1341.255249	4540.572754	7.800000	380.703430	5269920.500000	551.839050	285.434631	-4123685.500000	418:39:46	2:18	41:18	1:52	8679.650391	395.355591	7.200000	127.199997
20979	6:58	0.000000	0.000000	1341.056152	4540.833496	233.000000	1341.259766	4540.570312	7.800000	383.844513	5269920.000000	554.598328	285.434662	-4136722.000000	415:01:50	2:17	45:26	1:53	9622.032227	398.998810	7.200000	127.199997
20980	6:57	0.000000	0.000000	1341.056152	4540.833496	233.000000	1341.261353	4540.569336	7.800000	386.985565	5269919.000000	557.451660	285.434662	-4148658.500000	406:52:20	2:14	49:25	1:51	10662.133789	401.999359	7.200000	127.199997
20981	6:56	0.000000	0.000000	1341.056152	4540.833496	233.000000	1341.264038	4540.567871	7.800000	390.754730	5269917.000000	561.725159	285.434692	-4162301.000000	410:56:36	2:17	57:02	1:54	12191.715820	406.836212	7.200000	127.599998
20982	6:55	0.000000	0.000000	1341.056152	4540.833496	233.000000	1341.267334	4540.566406	7.800000	395.780487	5269916.500000	565.953613	285.434692	-4174786.000000	423:30:41	2:25	7:33	1:59	14035.257812	412.273346	7.200000	127.599998
20983	6:54	0.000000	0.000000	1341.056152	4540.833496	232.000000	1341.267334	4540.566406	7.800000	399.549713	5269915.000000	569.723999	285.434692	-4184877.000000	427:07:15	2:28	17:21	2:01	15943.542969	416.496918	7.200000	127.900002
20984	6:53	0.000000	0.000000	1341.056152	4540.833496	233.000000	1341.271851	4540.563477	7.800000	402.062500	5269913.500000	573.281677	285.434692	-4176221.750000	424:45:24	2:28	10:02	2:01	14512.045898	419.586731	7.200000	127.900002
20985	6:52	0.000000	0.000000	1341.056152	4540.833496	233.000000	1341.273193	4540.562500	7.800000	404.575226	5269911.500000	576.000977	285.434723	-4168230.500000	422:23:33	2:27	4:18	2:01	13396.524414	421.665131	7.200000	127.900002
20986	6:51	0.000000	0.000000	1341.056152	4540.833496	233.000000	1341.276123	4540.561035	7.800000	408.972656	5269910.000000	580.440430	285.434753	-4165826.000000	418:31:32	2:26	2:54	2:01	13215.491211	426.132141	7.200000	125.800003
20987	6:50	0.000000	0.000000	1341.056152	4540.833496	233.000000	1341.279785	4540.559082	7.800000	414.626587	5269909.000000	585.730652	285.434753	-4163611.000000	413:26:38	2:25	1:39	2:01	13102.091797	431.744354	7.200000	125.800003
20988	6:49	0.000000	0.000000	1341.056152	4540.833496	233.000000	1341.279785	4540.559082	7.900000	418.395844	5269908.000000	589.557617	285.434753	-4163829.750000	411:38:27	2:25	2:05	2:02	13249.756836	435.689117	7.200000	125.300003
20989	6:48	0.000000	0.000000	1341.056152	4540.833496	233.000000	1341.284424	4540.556152	7.900000	421.536804	5269906.000000	593.130005	285.434784	-4161321.500000	411:21:47	2:26	1:02	2:03	13033.657227	439.008759	7.200000	125.300003
20990	6:47	0.000000	0.000000	1341.056152	4540.833496	233.000000	1341.285645	4540.555664	7.900000	424.049652	5269905.500000	594.972473	285.434784	-4159011.000000	409:56:13	2:25	59:47	2:03	12809.451172	440.885376	7.200000	125.300003
20991	6:46	0.000000	0.000000	1341.056152	4540.833496	233.000000	1341.288330	4540.554199	7.900000	427.818848	5269904.000000	599.361145	285.434784	-4157337.500000	413:17:28	2:29	59:55	2:05	12739.767578	445.271301	7.200000	126.300003
20992	6:45	0.000000	0.000000	1341.056152	4540.833496	233.000000	1341.292236	4540.552246	7.900000	433.472717	5269902.500000	604.756470	285.434814	-4155798.000000	420:06:07	2:34	0:47	2:09	12728.563477	451.110565	7.200000	126.300003
20993	6:44	0.000000	0.000000	1341.056152	4540.833496	233.000000	1341.292236	4540.552246	7.900000	437.241913	5269901.000000	608.602783	285.434814	-4152113.000000	422:18:05	2:37	59:37	2:10	12425.431641	454.895721	7.200000	126.800003
20994	6:43	0.000000	0.000000	1341.056152	4540.833496	233.000000	1341.296753	4540.549316	7.900000	441.011139	5269899.500000	612.151001	285.434814	-4143266.000000	420:15:50	2:36	55:30	2:11	11620.824219	457.955261	7.200000	126.800003
20995	6:42	0.000000	0.000000	1341.056152	4540.833496	233.000000	1341.298218	4540.548340	7.900000	442.895691	5269898.500000	614.920044	285.434845	-4135099.000000	417:42:25	2:36	52:03	2:11	10960.735352	460.111755	7.200000	126.800003
20996	6:41	0.000000	0.000000	1341.056152	4540.833496	233.000000	1341.300781	4540.546875	7.900000	446.664886	5269897.000000	618.811829	285.434845	-4129394.500000	409:53:17	2:33	49:28	2:09	10597.290039	463.811737	7.200000	123.599998
20997	6:40	0.000000	0.000000	1341.056152	4540.833496	233.000000	1341.304321	4540.545898	7.900000	452.318878	5269897.000000	622.629211	285.434875	-4124135.500000	401:11:44	2:32	47:12	2:08	10322.813477	468.766327	7.200000	123.599998
20998	6:39	0.000000	0.000000	1341.056152	4540.833496	233.000000	1341.304321	4540.545898	7.900000	456.088135	5269896.000000	626.208130	285.434875	-4132111.500000	398:40:16	2:32	50:04	2:08	11021.799805	473.009644	7.200000	120.800003
20999	6:38	0.000000	0.000000	1341.056152	4540.833496	233.000000	1341.307739	4540.543945	7.900000	456.716248	5269895.000000	627.834473	285.434875	-4133041.000000	402:14:15	2:33	51:01	2:10	11132.006836	474.493591	7.200000	120.800003
21000	6:37	0.000000	0.000000	1341.056152	4540.833496	233.000000	1341.311768	4540.542480	7.900000	462.370209	5269894.500000	633.071594	285.434906	-4133898.000000	407:28:11	2:36	52:39	2:13	11342.390625	480.417267	7.200000	120.800003
21001	6:36	0.000000	0.000000	1341.056152	4540.833496	233.000000	1341.314453	4540.541504	7.800000	466.139435	5269893.500000	636.703613	285.434906	-4134228.500000	410:57:23	2:39	53:40	2:16	11470.871094	484.666931	7.200000	118.900002
21002	6:35	0.000000	0.000000	1341.056152	4540.833496	233.000000	1341.316650	4540.540527	7.800000	469.908752	5269893.500000	639.268250	285.434937	-4134532.500000	411:35:43	2:40	54:13	2:17	11573.008789	487.882477	7.200000	118.900002
21003	6:33	0.000000	0.000000	1341.056152	4540.833496	233.000000	1341.318359	4540.540039	7.800000	472.421600	5269893.000000	641.523621	285.434937	-4149824.500000	412:09:55	2:40	1:43	2:18	13153.952148	491.117584	7.200000	115.599998
21004	6:33	0.000000	0.000000	1341.056152	4540.833496	233.000000	1341.321045	4540.539062	7.800000	476.190857	5269892.500000	644.849548	285.434937	-4142065.000000	410:30:07	2:41	58:08	2:18	12436.491211	494.816772	7.200000	115.599998
21005	6:31	0.000000	0.000000	1341.056152	4540.833496	233.000000	1341.324951	4540.537598	7.800000	481.216583	5269892.000000	649.732056	285.434967	-4134905.750000	407:48:10	2:41	55:17	2:19	11900.499023	500.296936	7.200000	115.599998
21006	6:30	0.000000	0.000000	1341.056152	4540.833496	233.000000	1341.328003	4540.537109	7.800000	485.614166	5269892.500000	652.559570	285.434967	-4140626.750000	411:30:21	2:44	58:45	2:21	12541.436523	504.678955	7.200000	111.000000
21007	6:29	0.000000	0.000000	1341.056152	4540.833496	233.000000	1341.330200	4540.536621	7.800000	488.755219	5269892.000000	655.152771	285.434998	-4145878.500000	419:50:04	2:49	2:50	2:25	13169.076172	508.115845	7.200000	111.000000
21008	6:28	0.000000	0.000000	1341.056152	4540.833496	233.000000	1341.332275	4540.536133	7.800000	491.268158	5269892.500000	657.273438	285.434998	-4150700.000000	422:24:27	2:51	6:10	2:27	13789.375000	511.020813	7.200000	111.000000
21009	6:27	0.000000	0.000000	1341.056152	4540.833496	233.000000	1341.335327	4540.535156	7.600000	495.665649	5269892.000000	661.233887	285.434998	-4164615.750000	428:16:15	2:56	16:55	2:30	15821.824219	516.315857	7.200000	110.300003
21010	6:26	0.000000	0.000000	1341.056152	4540.833496	233.000000	1341.338989	4540.534668	7.600000	500.691437	5269892.500000	664.587524	285.435028	-4177351.500000	461:16:36	3:05	-:-	2:35	-11805.274414	512.697815	6.400000	110.300003
21011	6:25	0.000000	0.000000	1341.056152	4540.833496	232.000000	1341.342407	4540.533691	7.500000	505.717255	5269893.000000	668.107239	285.435059	-4180961.000000	466:03:48	3:09	-:-	2:38	-11610.405273	517.716064	6.400000	112.099998
21012	6:24	0.000000	0.000000	1341.056152	4540.833496	232.000000	1341.344971	4540.533203	7.500000	508.858368	5269893.000000	670.937317	285.435059	-4187853.500000	464:10:55	3:08	-:-	2:38	-11136.131836	521.328125	6.400000	112.099998
21013	6:23	0.000000	0.000000	1341.056152	4540.833496	232.000000	1341.346191	4540.532715	7.500000	510.742981	5269892.500000	672.551086	285.435059	-4194176.750000	462:16:32	3:06	-:-	2:37	-10711.911133	523.395935	6.400000	112.099998
21014	6:22	0.000000	0.000000	1341.056152	4540.833496	232.000000	1341.348877	4540.531738	7.200000	513.884094	5269893.000000	675.514038	285.435059	-4191964.000000	465:57:57	3:10	-:-	2:40	-10946.064453	526.985046	6.400000	118.099998
21015	6:21	0.000000	0.000000	1341.056152	4540.833496	232.000000	1341.351929	4540.530273	7.200000	518.909729	5269891.500000	680.219482	285.435089	-4189925.000000	474:33:36	3:17	-:-	2:44	-11197.602539	531.701233	6.400000	118.099998
21016	6:20	0.000000	0.000000	1341.056152	4540.833496	232.000000	1341.354736	4540.529297	6.900000	522.678955	5269890.500000	684.061462	285.435120	-4187599.750000	469:48:00	3:15	-:-	2:44	-11465.341797	535.794250	6.400000	123.300003
21017	6:19	0.000000	0.000000	1341.056152	4540.833496	232.000000	1341.356445	4540.528320	6.900000	525.191772	5269890.000000	686.368958	285.435120	-4185460.000000	455:31:05	3:07	-:-	2:40	-11693.213867	538.364197	6.400000	123.300003
21018	6:18	0.000000	0.000000	1341.056152	4540.833496	232.000000	1341.357788	4540.527344	6.900000	527.704590	5269889.000000	689.082642	285.435120	-4183490.000000	430:06:02	3:06	41:08	2:41	20712.689453	550.413452	7.200000	123.300003
21019	6:17	0.000000	0.000000	1341.056152	4540.833496	233.000000	1341.360107	4540.525391	6.600000	531.473572	5269886.000000	693.908508	285.435120	-4176295.750000	426:51:20	3:05	32:59	2:41	19178.296875	554.093201	7.200000	127.300003
21020	6:16	0.000000	0.000000	1341.056152	4540.833496	233.000000	1341.363281	4540.523926	6.600000	535.871094	5269885.500000	698.319519	285.435150	-4169658.000000	418:52:37	3:01	25:46	2:39	18007.714844	558.629211	7.200000	127.300003
21021	6:15	0.000000	0.000000	1341.056152	4540.833496	233.000000	1341.363281	4540.523926	6.400000	539.640259	5269884.000000	701.583130	285.435150	-4160827.500000	416:18:56	3:01	18:33	2:39	16588.351562	561.395325	7.200000	127.900002
21022	6:14	0.000000	0.000000	1341.056152	4540.833496	233.000000	1341.367554	4540.521484	6.400000	542.781250	5269883.000000	704.975281	285.435181	-4165782.750000	417:44:46	3:03	23:13	2:41	17515.246094	565.064209	7.200000	127.900002
21023	6:13	0.000000	0.000000	1341.056152	4540.833496	233.000000	1341.369019	4540.520996	6.400000	544.665771	5269882.000000	707.512085	285.435181	-4170335.500000	418:55:32	3:04	27:49	2:42	18435.044922	567.888184	7.200000	127.900002
21024	6:12	0.000000	0.000000	1341.056152	4540.833496	232.000000	1341.371216	4540.520020	6.200000	548.435059	5269881.500000	710.170044	285.435181	-4199943.500000	425:43:25	3:09	10:28	2:46	26962.771484	572.570251	7.200000	136.699997
21025	6:11	0.000000	0.000000	1341.056152	4540.833496	232.000000	1341.374146	4540.518555	6.200000	552.204163	5269880.000000	714.730896	285.435181	-4226888.500000	465:03:33	3:18	-:-	2:50	-9528.378906	567.583496	6.400000	136.699997
21026	6:10	0.000000	0.000000	1341.056152	4540.833496	233.000000	1341.375854	4540.517090	5.900000	555.345154	5269878.500000	718.092407	285.435211	-4164142.000000	461:11:46	3:22	-:-	2:52	-14490.603516	568.011963	6.400000	156.500000
21027	6:09	0.000000	0.000000	1341.056152	4540.833496	231.000000	1341.377075	4540.516113	5.900000	557.857910	5269877.500000	720.418945	285.435211	-4234090.500000	470:57:43	3:22	-:-	2:54	-9249.192383	573.007446	6.400000	156.500000
21028	6:08	0.000000	0.000000	1341.056152	4540.833496	230.000000	1341.377686	4540.514648	5.900000	558.485901	5269875.500000	722.926147	285.435211	-4296914.000000	482:32:58	3:25	-:-	2:56	-6940.154785	577.361816	6.400000	156.500000
21029	6:07	0.000000	0.000000	1341.056152	4540.833496	229.000000	1341.378052	4540.513184	5.500000	560.370300	5269873.000000	725.611145	285.435211	-4363085.000000	480:14:13	3:17	-:-	2:54	-5466.703613	582.183594	6.400000	184.300003
21030	6:06	0.000000	0.000000	1341.056152	4540.833496	228.000000	1341.378052	4540.512207	5.500000	560.370056	5269871.000000	727.348511	285.435211	-4422311.500000	437:59:08	3:03	-:-	2:50	-10551.953125	600.519287	7.200000	184.300003
21031	6:05	0.000000	0.000000	1341.056152	4540.833496	229.000000	1341.377686	4540.511719	4.900000	559.741699	5269869.500000	727.789551	285.435211	-4391342.500000	427:47:42	2:59	-:-	2:47	-13209.689453	597.875977	7.200000	205.300003
21032	6:04	0.000000	0.000000	1341.056152	4540.833496	228.000000	1341.376221	4540.509766	4.900000	559.113098	5269866.000000	729.521484	285.435211	-4418662.000000	431:36:45	2:59	-:-	2:48	-10789.335938	599.054260	7.200000	205.300003
21033	6:03	0.000000	0.000000	1341.056152	4540.833496	227.000000	1341.375854	4540.508789	4.900000	559.112915	5269864.000000	730.974121	285.435211	-4443426.500000	432:01:10	2:56	-:-	2:47	-9244.284180	601.076477	7.200000	205.300003
21034	6:02	0.000000	0.000000	1341.056152	4540.833496	227.000000	1341.374878	4540.507812	4.400000	558.484497	5269862.000000	731.311584	285.435211	-4450865.500000	436:42:07	2:59	-:-	2:48	-8845.687500	600.738037	7.200000	214.699997
21035	6:01	0.000000	0.000000	1341.056152	4540.833496	227.000000	1341.374146	4540.506836	4.400000	557.856018	5269859.500000	732.521667	285.435211	-4457672.000000	445:46:25	3:05	-:-	2:52	-8515.724609	600.994202	7.200000	214.699997
21036	6:00	0.000000	0.000000	1341.056152	4540.833496	227.000000	1341.373657	4540.506348	4.100000	557.855896	5269858.500000	732.890747	285.435211	-4452030.500000	447:30:51	3:07	-:-	2:52	-8778.943359	600.194214	7.200000	217.699997
21037	5:59	0.000000	0.000000	1341.056152	4540.833496	227.000000	1341.372559	4540.505371	4.100000	557.227417	5269856.000000	733.860535	285.435211	-4459915.500000	445:44:00	3:04	-:-	2:51	-8395.502930	599.900146	7.200000	217.699997
21038	5:58	1341.371216	4540.504395	1341.056152	4540.833496	227.000000	1341.371216	4540.504395	4.100000	0.000000	0.000000	733.967712	236.220154	-111.481995	0:00	3:01	-:-	-:-	-0.000000	-0.000000	7.200000	217.699997
21039	5:57	1341.371216	4540.504395	1341.056152	4540.833496	227.000000	1341.370117	4540.503418	3.900000	-2.411328	2.587716	734.910767	236.220154	-115.131836	0:00	2:58	OUT	OUT	-3.411611	-2.705699	7.200000	219.500000
21040	5:56	1341.371216	4540.504395	1341.056152	4540.833496	226.000000	1341.369507	4540.502930	3.900000	-3.499052	3.709684	735.208374	236.220154	-118.485107	0:01	2:55	OUT	OUT	-4.973639	-3.917027	7.200000	219.500000
21041	5:55	1341.371216	4540.504395	1341.056152	4540.833496	227.000000	1341.369141	4540.502441	3.700000	-4.401986	4.700727	735.630066	236.220154	-115.159241	0:01	2:55	OUT	OUT	-6.228283	-4.939281	7.200000	225.800003
21042	5:54	1341.371216	4540.504395	1341.056152	4540.833496	226.000000	1341.368408	4540.501465	3.700000	-6.382141	7.000426	736.872009	236.220123	-122.255707	0:01	2:54	OUT	OUT	-9.119835	-7.125937	7.200000	225.800003
21043	5:53	1341.371216	4540.504395	1341.056152	4540.833496	226.000000	1341.367188	4540.500000	3.700000	-9.152543	10.023088	738.110474	236.220123	-128.774689	0:02	2:54	OUT	OUT	-13.200639	-10.174075	7.200000	225.800003
21044	5:52	1341.371216	4540.504395	1341.056152	4540.833496	225.000000	1341.365967	4540.499512	3.400000	-10.856232	11.558290	738.014832	236.220123	-134.762146	0:03	2:53	OUT	OUT	-15.794525	-12.019940	7.200000	238.300003
21045	5:51	1341.371216	4540.504395	1341.056152	4540.833496	225.000000	1341.364990	4540.499023	3.400000	-12.436729	13.043037	738.003418	236.220108	-140.261322	0:03	2:55	OUT	OUT	-18.241520	-13.720513	7.200000	238.300003
21046	5:50	1341.371216	4540.504395	1341.056152	4540.833496	225.000000	1341.364380	4540.499023	3.300000	-13.052694	13.518586	737.602051	236.220108	-131.482971	0:03	2:57	OUT	OUT	-18.899580	-14.483268	7.200000	252.000000
21047	5:49	1341.371216	4540.504395	1341.056152	4540.833496	225.000000	1341.362915	4540.498535	3.300000	-15.300246	15.705828	737.673096	236.220093	-132.801147	0:04	3:01	OUT	OUT	-22.196381	-16.962288	7.200000	252.000000
21048	5:48	1341.371216	4540.504395	1341.056152	4540.833496	225.000000	1341.360718	4540.497559	3.300000	-18.348555	18.598406	737.234985	236.220093	-134.012238	0:04	3:08	OUT	OUT	-26.665682	-20.325436	7.200000	252.000000
21049	5:47	1341.371216	4540.504395	1341.056152	4540.833496	226.000000	1341.359009	4540.497559	3.300000	-20.196447	20.276695	736.047668	236.220078	-123.413605	0:05	3:11	OUT	OUT	-28.907213	-22.532328	7.200000	263.600006
21050	5:46	1341.371216	4540.504395	1341.056152	4540.833496	226.000000	1341.357788	4540.497559	3.300000	-21.551571	21.570175	735.180054	236.220078	-125.180267	0:05	3:09	OUT	OUT	-30.924231	-24.015240	7.200000	263.600006
21051	5:45	1341.371216	4540.504395	1341.056152	4540.833496	226.000000	1341.356934	4540.497070	3.300000	-22.947279	22.968319	735.309448	236.220062	-126.803772	0:06	3:08	OUT	OUT	-33.003254	-25.542376	7.200000	263.600006
21052	5:44	1341.371216	4540.504395	1341.056152	4540.833496	225.000000	1341.354980	4540.497070	3.300000	-25.103155	25.107357	733.938660	236.220062	-130.624664	0:06	3:07	OUT	OUT	-36.302818	-27.870401	7.200000	275.899994
21053	5:43	1341.371216	4540.504395	1341.056152	4540.833496	225.000000	1341.352539	4540.497559	3.300000	-27.218441	27.371977	731.580017	236.220062	-134.134888	0:07	3:06	OUT	OUT	-39.563248	-30.148525	7.200000	275.899994
21054	5:42	1341.371216	4540.504395	1341.056152	4540.833496	226.000000	1341.351074	4540.497559	3.600000	-28.819950	29.091610	730.570923	236.220047	-123.031830	0:07	3:06	OUT	OUT	-41.227757	-32.161610	7.200000	290.100006
21055	5:41	1341.371216	4540.504395	1341.056152	4540.833496	225.000000	1341.349609	4540.498047	3.600000	-30.123980	30.595215	729.242004	236.220047	-130.997345	0:08	3:01	OUT	OUT	-43.587166	-33.436390	7.200000	290.100006
21056	5:40	1341.371216	4540.504395	1341.056152	4540.833496	225.000000	1341.348877	4540.498535	3.600000	-30.514565	31.226778	727.977356	236.220032	-138.314362	0:08	2:54	OUT	OUT	-44.627876	-33.707008	7.200000	290.100006
21057	5:39	1341.371216	4540.504395	1341.056152	4540.833496	224.000000	1341.346924	4540.499512	4.000000	-31.367840	32.849396	724.893677	236.220032	-148.637787	0:09	2:47	OUT	OUT	-46.593739	-34.421440	7.200000	304.100006
21058	5:38	1341.371216	4540.504395	1341.056152	4540.833496	223.000000	1341.345093	4540.500977	4.000000	-31.687754	34.459690	721.124329	236.220032	-158.119873	0:09	2:47	OUT	OUT	-47.766174	-34.569168	7.200000	304.100006
21059	5:37	1341.371216	4540.504395	1341.056152	4540.833496	224.000000	1341.345093	4540.500977	4.300000	-32.396828	35.933929	719.152344	236.220032	-154.170105	0:09	2:47	OUT	OUT	-48.534264	-35.428333	7.760000	316.700012
21060	5:36	1341.371216	4540.504395	1341.056152	4540.833496	223.000000	1341.343140	4540.503418	4.300000	-31.484814	36.522404	716.151917	236.220032	-163.097992	0:09	2:45	OUT	OUT	-47.836464	-34.244812	7.200000	316.700012
21061	5:35	1341.371216	4540.504395	1341.056152	4540.833496	222.000000	1341.342651	4540.504395	4.300000	-30.798178	37.053604	714.031250	236.220032	-171.293243	0:09	2:44	OUT	OUT	-47.418327	-33.336643	7.200000	316.700012
21062	5:34	1341.371216	4540.504395	1341.056152	4540.833496	222.000000	1341.341553	4540.505371	4.500000	-31.199266	38.408623	712.250854	236.220032	-178.019012	0:09	2:42	OUT	OUT	-48.574520	-33.640793	7.200000	325.600006
21063	5:33	1341.371216	4540.504395	1341.056152	4540.833496	221.000000	1341.340454	4540.507812	4.500000	-29.600626	40.374321	707.131409	236.220047	-184.191528	0:09	2:40	OUT	OUT	-46.569584	-31.806936	7.200000	325.600006
21064	5:32	1341.371216	4540.504395	1341.056152	4540.833496	221.000000	1341.339966	4540.509277	4.800000	-28.739698	41.504082	704.611389	236.220047	-183.478577	0:09	2:40	OUT	OUT	-45.160110	-30.894043	7.200000	332.000000
21065	5:31	1341.371216	4540.504395	1341.056152	4540.833496	221.000000	1341.339478	4540.510254	4.800000	-28.288939	42.474945	702.854431	236.220047	-187.907471	0:10	2:40	OUT	OUT	-44.791286	-30.335472	7.200000	332.000000
21066	5:30	1341.371216	4540.504395	1341.056152	4540.833496	221.000000	1341.339355	4540.511230	4.800000	-27.232733	43.195248	700.968567	236.220047	-191.973022	0:10	2:44	OUT	OUT	-43.425354	-29.138626	7.200000	332.000000
21067	5:28	1341.371216	4540.504395	1341.056152	4540.833496	220.000000	1341.338745	4540.512695	4.900000	-26.495005	44.777927	698.373169	236.220062	-195.110260	0:10	2:49	OUT	OUT	-42.483223	-28.301821	7.200000	334.299988
21068	5:27	1341.371216	4540.504395	1341.056152	4540.833496	220.000000	1341.338257	4540.514160	4.900000	-25.869965	46.162197	696.217224	236.220062	-197.991089	0:11	2:54	OUT	OUT	-41.694233	-27.592169	7.200000	334.299988
21069	5:26	1341.371216	4540.504395	1341.056152	4540.833496	220.000000	1341.338257	4540.514648	5.000000	-24.926439	46.827995	694.773254	236.220062	-200.339844	0:11	2:56	OUT	OUT	-40.343327	-26.553230	7.200000	334.600006
21070	5:25	1341.371216	4540.504395	1341.056152	4540.833496	220.000000	1341.337158	4540.517090	5.000000	-23.676367	49.886848	690.464050	236.220062	-203.090515	0:13	2:56	OUT	OUT	-38.511421	-25.185724	7.200000	334.600006
21071	5:24	1341.371216	4540.504395	1341.056152	4540.833496	219.000000	1341.336914	4540.518066	5.000000	-22.804937	51.234749	688.466675	236.220062	-205.616760	0:13	3:00	OUT	OUT	-41.067963	-24.911356	6.400000	334.600006
21072	5:23	1341.371216	4540.504395	1341.056152	4540.833496	219.000000	1341.336304	4540.519531	5.100000	-22.005615	53.174389	685.914185	236.220078	-207.543030	0:14	3:01	OUT	OUT	-39.791664	-24.009422	6.400000	335.399994
21073	5:22	1341.371216	4540.504395	1341.056152	4540.833496	219.000000	1341.335449	4540.521484	5.100000	-20.806629	56.192944	682.086853	236.220078	-209.312561	0:15	3:01	OUT	OUT	-37.766777	-22.676453	6.400000	335.399994
21074	5:21	1341.371216	4540.504395	1341.056152	4540.833496	219.000000	1341.335449	4540.521484	5.200000	-20.315285	58.568897	679.339478	236.220078	-211.332275	0:16	3:01	OUT	OUT	-37.036217	-22.113514	6.400000	335.000000
21075	5:20	1341.371216	4540.504395	1341.056152	4540.833496	219.000000	1341.334351	4540.524414	5.200000	-19.443865	60.132225	677.345581	236.220093	-209.742981	0:16	3:03	OUT	OUT	-35.325928	-21.185604	6.400000	335.000000
21076	5:19	1341.371216	4540.504395	1341.056152	4540.833496	219.000000	1341.333862	4540.524902	5.200000	-18.993105	61.641033	675.593384	236.220093	-208.280579	0:17	3:09	OUT	OUT	-34.398605	-20.713139	6.400000	335.000000
21077	5:18	1341.371216	4540.504395	1341.056152	4540.833496	219.000000	1341.333130	4540.526855	5.100000	-17.968409	64.589447	672.168701	236.220093	-208.610168	0:18	3:13	OUT	OUT	-32.565815	-19.591658	6.400000	335.100006
21078	5:17	1341.371216	4540.504395	1341.056152	4540.833496	219.000000	1341.332275	4540.528809	5.100000	-17.005306	67.650955	668.705750	236.220093	-208.913330	0:19	3:16	OUT	OUT	-30.840366	-18.538074	6.400000	335.100006
21079	5:16	1341.371216	4540.504395	1341.056152	4540.833496	219.000000	1341.332275	4540.528809	5.200000	-16.513960	70.183083	665.960449	236.220093	-208.798096	0:20	3:17	OUT	OUT	-29.941854	-18.003719	6.400000	335.500000
21080	5:15	1341.371216	4540.504395	1341.056152	4540.833496	219.000000	1341.331055	4540.531738	5.200000	-14.934888	72.788200	662.896912	236.220093	-207.805969	0:21	3:12	OUT	OUT	-27.021233	-16.292189	6.400000	335.500000
21081	5:14	1341.371216	4540.504395	1341.056152	4540.833496	219.000000	1341.330566	4540.532715	5.200000	-14.843213	74.209053	661.425293	236.220093	-206.893066	0:21	3:06	OUT	OUT	-26.802975	-16.201349	6.400000	335.500000
21082	5:13	1341.371216	4540.504395	1341.056152	4540.833496	219.000000	1341.329956	4540.534180	5.200000	-13.808005	76.840614	658.523132	236.220108	-205.067932	0:21	2:56	OUT	OUT	-24.837011	-15.088579	6.400000	337.399994
21083	5:12	1341.371216	4540.504395	1341.056152	4540.833496	220.000000	1341.329102	4540.536621	5.200000	-12.373137	80.688385	654.351013	236.220108	-203.387817	0:21	2:46	OUT	OUT	-20.136751	-13.159908	7.200000	337.399994
21084	5:11	1341.371216	4540.504395	1341.056152	4540.833496	220.000000	1341.329102	4540.536621	5.300000	-11.820203	83.269844	651.648682	236.220123	-200.263245	0:22	2:42	OUT	OUT	-19.128304	-12.592132	7.200000	339.000000
21085	5:10	1341.371216	4540.504395	1341.056152	4540.833496	220.000000	1341.328003	4540.539551	5.300000	-10.415418	85.695091	648.991821	236.220123	-199.261871	0:23	2:42	OUT	OUT	-16.824654	-11.101404	7.200000	339.000000
21086	5:09	1341.371216	4540.504395	1341.056152	4540.833496	220.000000	1341.327881	4540.540527	5.300000	-9.420797	87.455391	647.090088	236.220123	-198.340607	0:23	2:42	OUT	OUT	-15.192866	-10.046116	7.200000	339.000000
21087	5:08	1341.371216	4540.504395	1341.056152	4540.833496	220.000000	1341.327393	4540.541504	5.500000	-9.267524	88.859795	645.659302	236.220123	-197.295319	0:24	2:43	OUT	OUT	-14.917786	-9.888091	7.200000	342.000000
21088	5:07	1341.371216	4540.504395	1341.056152	4540.833496	220.000000	1341.326782	4540.543945	5.500000	-7.052924	93.285667	640.988098	236.220123	-196.333527	0:25	2:44	OUT	OUT	-11.333546	-7.529016	7.200000	342.000000
21089	5:06	1341.371216	4540.504395	1341.056152	4540.833496	221.000000	1341.326660	4540.545898	5.600000	-5.350676	96.112289	638.027100	236.220139	-191.790314	0:26	2:44	OUT	OUT	-9.363086	-5.896749	6.400000	345.700012
21090	5:05	1341.371216	4540.504395	1341.056152	4540.833496	221.000000	1341.326416	4540.546875	5.600000	-4.591941	97.605400	636.487122	236.220139	-190.574432	0:26	2:44	OUT	OUT	-7.304420	-4.917008	7.200000	345.700012
21091	5:04	1341.371216	4540.504395	1341.056152	4540.833496	221.000000	1341.326416	4540.547852	5.600000	-3.412540	99.319069	634.716553	236.220154	-189.455505	0:27	2:44	OUT	OUT	-5.943487	-3.766586	6.400000	345.700012
21092	5:03	1341.371216	4540.504395	1341.056152	4540.833496	221.000000	1341.326416	4540.549316	5.600000	-1.997259	101.395813	632.594788	236.220154	-186.641205	0:28	2:46	OUT	OUT	-3.459004	-2.208578	6.400000	348.200012
21093	5:02	1341.371216	4540.504395	1341.056152	4540.833496	221.000000	1341.326660	4540.551758	5.600000	0.546325	104.780159	629.189148	236.220154	-184.049835	0:29	2:52	0:00	0:00	0.941316	0.605175	6.400000	348.200012
21094	5:01	1341.371216	4540.504395	1341.056152	4540.833496	221.000000	1341.326294	4540.553711	5.600000	2.361268	108.184105	625.813721	236.220154	-180.769745	0:30	2:53	0:01	0:00	4.042336	2.621417	6.400000	349.100006
21095	5:00	1341.371216	4540.504395	1341.056152	4540.833496	221.000000	1341.326294	4540.554688	5.600000	3.540665	109.978439	624.056213	236.220169	-180.632416	0:31	2:52	0:01	0:01	6.059766	3.931121	6.400000	349.100006
21096	4:59	1341.371216	4540.504395	1341.056152	4540.833496	221.000000	1341.326294	4540.555664	5.600000	4.248298	111.060577	623.002747	236.220184	-180.506256	0:31	2:52	0:02	0:01	7.269072	4.717192	6.400000	349.100006
21097	4:58	1341.371216	4540.504395	1341.056152	4540.833496	222.000000	1341.326294	4540.557617	5.700000	6.135332	113.965523	620.197571	236.220184	-177.804565	0:32	2:51	0:03	0:02	10.442926	6.825049	6.400000	350.399994
21098	4:57	1341.371216	4540.504395	1341.056152	4540.833496	222.000000	1341.326294	4540.559082	5.700000	7.786487	116.529030	617.747925	236.220184	-175.316986	0:33	2:49	0:03	0:02	13.190006	8.676650	6.400000	350.399994
21099	4:56	1341.371216	4540.504395	1341.056152	4540.833496	222.000000	1341.326294	4540.560059	5.700000	8.965874	118.371742	616.000916	236.220184	-174.720001	0:33	2:48	0:04	0:03	15.170481	9.994986	6.400000	348.700012
21100	4:55	1341.371216	4540.504395	1341.056152	4540.833496	222.000000	1341.325928	4540.563477	5.700000	12.072905	124.197609	610.477295	236.220215	-173.573181	0:35	2:47	0:06	0:04	20.382914	13.469323	6.400000	348.700012
21101	4:54	1341.371216	4540.504395	1341.056152	4540.833496	222.000000	1341.325806	4540.564453	5.700000	12.595766	125.424965	609.306580	236.220200	-172.517639	0:36	2:47	0:06	0:04	21.222969	14.062972	6.400000	348.700012
21102	4:53	1341.371216	4540.504395	1341.056152	4540.833496	222.000000	1341.325439	4540.566406	5.800000	14.410695	128.978088	605.968079	236.220215	-172.144684	0:37	2:44	0:07	0:04	24.263802	16.093491	6.400000	348.100006
21103	4:52	1341.371216	4540.504395	1341.056152	4540.833496	222.000000	1341.325439	4540.567383	5.800000	15.590070	130.865555	604.234741	236.220215	-171.801666	0:37	2:42	0:07	0:05	26.232483	17.414755	6.400000	348.100006
21104	4:51	1341.371216	4540.504395	1341.056152	4540.833496	222.000000	1341.325439	4540.568359	5.900000	16.769476	132.760071	602.503845	236.220215	-172.980896	0:37	2:41	0:08	0:05	28.280298	18.716822	6.400000	346.600006
21105	4:50	1341.371216	4540.504395	1341.056152	4540.833496	222.000000	1341.324951	4540.571777	5.900000	19.343142	137.973038	597.669800	236.220230	-173.268616	0:39	2:38	0:09	0:06	32.638443	21.585039	6.400000	346.600006
21106	4:49	1341.371216	4540.504395	1341.056152	4540.833496	222.000000	1341.324707	4540.573242	5.900000	20.686321	140.812531	595.041931	236.220245	-173.533020	0:39	2:34	0:09	0:06	31.967295	22.362358	7.200000	346.600006
21107	4:48	1341.371216	4540.504395	1341.056152	4540.833496	222.000000	1341.324341	4540.574707	5.900000	21.670406	143.336502	592.674377	236.220245	-171.285492	0:39	2:32	0:09	0:06	33.364376	23.456644	7.200000	345.000000
21108	4:47	1341.371216	4540.504395	1341.056152	4540.833496	222.000000	1341.324219	4540.576172	5.900000	23.198380	146.093277	590.183411	236.220245	-169.215851	0:40	2:30	0:10	0:07	35.596237	25.140856	7.200000	345.000000
21109	4:46	1341.371216	4540.504395	1341.056152	4540.833496	222.000000	1341.323975	4540.577148	5.900000	24.069807	148.176804	588.250793	236.220245	-169.605713	0:40	2:29	0:10	0:07	36.956860	26.079304	7.200000	342.700012
21110	4:45	1341.371216	4540.504395	1341.056152	4540.833496	222.000000	1341.323486	4540.578613	5.800000	24.756432	150.353653	586.188354	236.220245	-169.365692	0:41	2:30	0:11	0:07	37.996243	26.827021	7.200000	342.700012
21111	4:44	1341.371216	4540.504395	1341.056152	4540.833496	222.000000	1341.323120	4540.580566	5.800000	26.684052	154.438858	582.462219	236.220261	-169.145355	0:43	2:33	0:13	0:08	44.675011	29.862698	6.400000	342.700012
21112	4:43	1341.371216	4540.504395	1341.056152	4540.833496	222.000000	1341.322632	4540.582031	5.600000	27.370687	156.619064	580.403687	236.220261	-169.840149	0:44	2:30	0:12	0:08	42.041126	29.651707	7.200000	341.899994
21113	4:42	1341.371216	4540.504395	1341.056152	4540.833496	222.000000	1341.322144	4540.583496	5.600000	28.529074	159.577744	577.664856	236.220276	-170.479218	0:43	2:23	0:12	0:08	43.866199	30.895121	7.200000	341.899994
21114	4:41	1341.371216	4540.504395	1341.056152	4540.833496	222.000000	1341.322021	4540.584473	5.600000	29.585264	161.583908	575.874878	236.220276	-172.661377	0:43	2:21	0:12	0:09	45.653446	31.998388	7.200000	340.299988
21115	4:40	1341.371216	4540.504395	1341.056152	4540.833496	222.000000	1341.321655	4540.585938	5.400000	30.569370	164.128433	573.525452	236.220276	-170.781891	0:45	2:24	0:13	0:09	47.026642	33.098804	7.200000	340.200012
21116	4:39	1341.371216	4540.504395	1341.056152	4540.833496	222.000000	1341.321167	4540.588379	5.400000	32.435390	168.268051	569.778259	236.220276	-169.052063	0:47	2:28	0:14	0:10	49.756485	35.154675	7.200000	340.200012
21117	4:38	1341.371216	4540.504395	1341.056152	4540.833496	222.000000	1341.320557	4540.589844	5.300000	33.347412	171.351364	566.873230	236.220276	-170.551880	0:49	2:29	0:16	0:11	55.979134	37.282974	6.400000	337.100006
21118	4:37	1341.371216	4540.504395	1341.056152	4540.833496	222.000000	1341.320068	4540.590820	5.300000	33.562271	172.754166	565.500854	236.220276	-172.230133	0:49	2:29	0:16	0:11	56.519207	37.479240	6.400000	337.100006
21119	4:36	1341.371216	4540.504395	1341.056152	4540.833496	222.000000	1341.319702	4540.591797	5.300000	34.310490	174.912277	563.497986	236.220291	-173.773346	0:50	2:31	0:17	0:11	57.949223	38.273735	6.400000	337.100006
21120	4:35	1341.371216	4540.504395	1341.056152	4540.833496	222.000000	1341.319092	4540.593262	5.100000	35.345692	177.940338	560.687256	236.220306	-175.291595	0:51	2:30	0:17	0:11	59.871315	39.387108	6.400000	335.799988
21121	4:34	1341.371216	4540.504395	1341.056152	4540.833496	222.000000	1341.318115	4540.595215	5.100000	36.247223	181.530380	557.271851	236.220291	-176.687836	0:52	2:27	0:18	0:11	61.563438	40.352917	6.400000	335.799988
21122	4:33	1341.371216	4540.504395	1341.056152	4540.833496	222.000000	1341.317383	4540.596680	5.000000	37.035999	184.671814	554.285278	236.220306	-178.767090	0:52	2:25	0:16	0:11	57.734283	39.917393	7.200000	335.000000
21123	4:32	1341.371216	4540.504395	1341.056152	4540.833496	222.000000	1341.316895	4540.597656	5.000000	37.250874	186.074219	552.915344	236.220306	-180.082520	0:53	2:24	0:17	0:11	58.197975	40.119240	7.200000	335.000000
21124	4:31	1341.371216	4540.504395	1341.056152	4540.833496	221.000000	1341.316406	4540.598145	5.000000	37.701637	187.869370	551.209839	236.220306	-181.292450	0:53	2:22	0:17	0:11	59.022774	40.577152	7.200000	335.000000
21125	4:30	1341.371216	4540.504395	1341.056152	4540.833496	221.000000	1341.316040	4540.599609	4.900000	38.449871	190.029572	549.214966	236.220306	-181.610229	0:53	2:21	0:17	0:12	60.226574	41.375111	7.200000	335.899994
21126	4:29	1341.371216	4540.504395	1341.056152	4540.833496	221.000000	1341.315552	4540.601562	4.900000	40.315876	194.186035	545.503357	236.220306	-181.902771	0:54	2:20	0:18	0:12	63.180775	43.375999	7.200000	335.899994
21127	4:27	1341.371216	4540.504395	1341.056152	4540.833496	221.000000	1341.315552	4540.601562	4.800000	40.632931	196.540909	543.193420	236.220306	-181.675079	0:55	2:20	0:18	0:12	63.653057	43.722672	7.200000	336.399994
21128	4:26	1341.371216	4540.504395	1341.056152	4540.833496	221.000000	1341.314453	4540.604004	4.800000	41.442757	198.675583	541.250122	236.220306	-183.451355	0:56	2:19	0:18	0:12	65.118088	44.549995	7.200000	336.399994
21129	4:25	1341.371216	4540.504395	1341.056152	4540.833496	221.000000	1341.314209	4540.604980	4.800000	42.375774	200.756363	539.400391	236.220322	-185.084625	0:57	2:20	0:19	0:13	66.770332	45.511818	7.200000	336.399994
21130	4:24	1341.371216	4540.504395	1341.056152	4540.833496	221.000000	1341.314331	4540.606445	4.700000	43.678356	202.676208	537.829102	236.220337	-185.495697	0:57	2:19	0:20	0:13	68.871323	46.900169	7.200000	338.100006
21131	4:23	1341.371216	4540.504395	1341.056152	4540.833496	221.000000	1341.313843	4540.607910	4.700000	44.600868	205.263260	535.467834	236.220337	-185.873718	0:58	2:18	0:20	0:13	70.371590	47.880756	7.200000	338.100006
21132	4:22	1341.371216	4540.504395	1341.056152	4540.833496	221.000000	1341.313477	4540.609375	4.700000	45.820816	208.220093	532.824219	236.220337	-188.203400	0:59	2:17	0:21	0:14	72.587646	49.127728	7.200000	336.100006
21133	4:21	1341.371216	4540.504395	1341.056152	4540.833496	221.000000	1341.313232	4540.610840	4.700000	47.287186	211.072952	530.370544	236.220337	-188.364410	1:01	2:19	0:21	0:14	74.931503	50.695477	7.200000	336.100006
21134	4:20	1341.371216	4540.504395	1341.056152	4540.833496	221.000000	1341.313110	4540.611816	4.700000	47.748444	212.367935	529.194153	236.220337	-188.512756	1:03	2:24	0:25	0:15	83.004379	52.735027	6.400000	336.100006
21135	4:19	1341.371216	4540.504395	1341.056152	4540.833496	221.000000	1341.312500	4540.613281	4.700000	48.783653	215.407639	526.420471	236.220337	-189.738434	1:04	2:25	0:25	0:16	85.012978	53.834782	6.400000	330.799988
21136	4:18	1341.371216	4540.504395	1341.056152	4540.833496	221.000000	1341.311646	4540.614746	4.700000	49.274994	218.181686	523.744568	236.220337	-190.865936	1:04	2:22	0:25	0:16	86.064713	54.336758	6.400000	330.799988
21137	4:17	1341.371216	4540.504395	1341.056152	4540.833496	220.000000	1341.311279	4540.615234	4.800000	49.377178	219.132660	522.805969	236.220337	-196.540863	1:05	2:22	0:26	0:16	87.247498	54.249058	6.400000	326.100006
21138	4:16	1341.371216	4540.504395	1341.056152	4540.833496	220.000000	1341.309814	4540.617676	4.800000	50.667835	224.549698	517.692871	236.220337	-199.884552	1:07	2:21	0:27	0:16	90.150459	55.548119	6.400000	326.100006
21139	4:15	1341.371216	4540.504395	1341.056152	4540.833496	220.000000	1341.309082	4540.618164	4.800000	50.041378	225.315323	516.706848	236.220352	-202.957092	1:07	2:22	0:27	0:16	89.610794	54.754715	6.400000	326.100006
21140	4:14	1341.371216	4540.504395	1341.056152	4540.833496	219.000000	1341.307983	4540.619141	5.000000	50.112076	227.773758	514.220825	236.220352	-207.450745	1:07	2:18	0:27	0:16	90.597382	54.678322	6.400000	324.399994
21141	4:13	1341.371216	4540.504395	1341.056152	4540.833496	219.000000	1341.306763	4540.620117	5.000000	49.700508	229.945175	511.874847	236.220337	-211.578888	1:06	2:12	0:23	0:15	82.117760	52.642509	7.200000	324.399994
21142	4:12	1341.371216	4540.504395	1341.056152	4540.833496	219.000000	1341.306152	4540.621094	5.000000	50.202358	232.217590	509.718170	236.220337	-207.615509	1:06	2:10	0:23	0:15	82.338089	53.279713	7.200000	332.299988
21143	4:11	1341.371216	4540.504395	1341.056152	4540.833496	219.000000	1341.303345	4540.623535	5.000000	49.542973	237.496201	504.135101	236.220337	-215.735718	1:06	2:05	0:23	0:15	82.501312	52.368332	7.200000	332.299988
21144	4:10	1341.371216	4540.504395	1341.056152	4540.833496	218.000000	1341.302856	4540.624023	5.000000	49.286125	238.110168	503.430939	236.220337	-223.189713	1:04	1:59	0:23	0:14	83.258156	51.910542	7.200000	332.299988
21145	4:09	1341.371216	4540.504395	1341.056152	4540.833496	218.000000	1341.301758	4540.625977	5.100000	50.412979	242.599564	499.214264	236.220352	-228.671417	1:04	1:56	0:23	0:14	86.084419	52.961575	7.200000	352.500000
21146	4:08	1341.371216	4540.504395	1341.056152	4540.833496	217.000000	1341.301392	4540.627441	5.100000	51.161194	244.761993	497.249695	236.220352	-233.703445	1:04	1:56	0:24	0:14	88.246727	53.624306	7.200000	352.500000
21147	4:07	1341.371216	4540.504395	1341.056152	4540.833496	219.000000	1341.301392	4540.627930	4.900000	52.104717	246.339325	495.944885	236.220367	-212.354706	1:04	1:57	0:23	0:14	86.215355	55.167786	7.200000	19.500000
21148	4:06	1341.371216	4540.504395	1341.056152	4540.833496	219.000000	1341.302002	4540.629883	4.900000	54.730888	249.177338	493.915314	236.220367	-210.776093	1:05	1:56	0:24	0:15	90.293671	57.993820	7.200000	19.500000
21149	4:05	1341.371216	4540.504395	1341.056152	4540.833496	219.000000	1341.303467	4540.631836	4.900000	58.157761	251.694489	492.528259	236.220383	-209.324738	1:07	1:57	0:26	0:17	95.688309	61.669716	7.200000	19.500000
21150	4:04	1341.371216	4540.504395	1341.056152	4540.833496	220.000000	1341.304932	4540.632812	4.600000	60.764313	252.598770	492.547028	236.220398	-199.508453	1:13	2:09	0:28	0:18	98.199860	64.758011	7.200000	46.000000
21151	4:03	1341.371216	4540.504395	1341.056152	4540.833496	221.000000	1341.306274	4540.633789	4.600000	63.360363	254.025406	492.065247	236.220398	-190.435089	1:27	2:38	0:35	0:22	110.570351	69.888794	6.400000	46.000000
21152	4:02	1341.371216	4540.504395	1341.056152	4540.833496	223.000000	1341.307251	4540.633789	4.300000	64.407471	253.611069	492.895569	236.220398	-158.049316	1:31	2:48	0:34	0:23	105.645302	72.654602	6.400000	71.400002
21153	4:01	1341.371216	4540.504395	1341.056152	4540.833496	223.000000	1341.310669	4540.635254	4.300000	69.518387	254.614075	493.942139	236.220428	-160.580566	1:28	2:41	0:37	0:25	114.555473	78.276070	6.400000	71.400002
21154	4:00	1341.371216	4540.504395	1341.056152	4540.833496	223.000000	1341.311646	4540.635254	4.300000	70.503883	254.251465	494.734283	236.220428	-162.900635	1:25	2:35	0:37	0:25	116.675262	79.253242	6.400000	71.400002
21155	3:59	1341.371216	4540.504395	1341.056152	4540.833496	223.000000	1341.313965	4540.635742	4.200000	73.439445	254.178284	496.093475	236.220428	-165.737122	1:25	2:33	0:39	0:26	122.172966	82.385994	6.400000	98.300003
21156	3:58	1341.371216	4540.504395	1341.056152	4540.833496	222.000000	1341.315796	4540.635254	4.200000	75.061897	252.640015	498.418213	236.220444	-168.337982	1:25	2:35	0:40	0:26	125.479996	84.051163	6.400000	98.300003
21157	3:57	1341.371216	4540.504395	1341.056152	4540.833496	225.000000	1341.317261	4540.634766	4.200000	76.365883	251.712631	499.982635	236.220459	-140.657379	1:23	2:34	0:38	0:27	121.473679	87.272301	6.400000	128.800003
21158	3:56	1341.371216	4540.504395	1341.056152	4540.833496	224.000000	1341.319214	4540.634277	4.000000	77.455017	249.410538	502.887054	236.220459	-145.752350	1:20	2:30	0:39	0:27	124.297539	88.173912	6.400000	130.000000
21159	3:55	1341.371216	4540.504395	1341.056152	4540.833496	224.000000	1341.320801	4540.632812	4.000000	77.764366	246.402328	506.165131	236.220459	-150.419586	1:15	2:22	0:38	0:26	125.821907	88.216400	6.400000	130.000000
21160	3:54	1341.371216	4540.504395	1341.056152	4540.833496	224.000000	1341.321533	4540.630859	4.000000	76.503822	242.445740	509.680664	236.220459	-149.903259	1:09	2:15	0:33	0:24	113.859177	83.884666	7.200000	152.899994
21391		1341.371216	4540.504395	1341.056152	4540.833496	222.000000	1341.340210	4540.546387	4.500000	6.999975	86.454063	647.835083	236.220184	-172.965240	0:23	2:47	0:03	0:02	10.807175	7.569604	7.200000	173.699997
21392	0:01	1341.371216	4540.504395	1341.056152	4540.833496	222.000000	1341.340454	4540.544434	4.500000	5.359324	83.356895	650.805115	236.220184	-175.149078	0:23	2:49	0:02	0:01	8.304154	5.788177	7.200000	173.699997
21393	0:02	1341.371216	4540.504395	1341.056152	4540.833496	222.000000	1341.340332	4540.542969	4.700000	3.584971	80.877991	653.178955	236.220169	-177.853668	0:22	2:48	0:01	0:01	5.579949	3.865882	7.200000	185.199997
21394	0:03	1341.371216	4540.504395	1341.056152	4540.833496	221.000000	1341.340332	4540.541992	4.700000	2.405584	79.071999	654.936646	236.220154	-180.339233	0:21	2:46	0:01	0:00	3.759931	2.590444	7.200000	185.199997
21395	0:04	1341.371216	4540.504395	1341.056152	4540.833496	222.000000	1341.340088	4540.541504	4.800000	1.625840	78.553001	655.433472	236.220154	-177.947021	0:21	2:46	0:00	0:00	2.530987	1.753144	7.200000	189.899994
21396	0:05	1341.371216	4540.504395	1341.056152	4540.833496	222.000000	1341.339844	4540.540039	4.800000	0.025773	76.544067	657.423645	236.220154	-178.732880	0:20	2:49	0:00	0:00	0.040173	0.027778	7.200000	189.899994
21397	0:06	1341.371216	4540.504395	1341.056152	4540.833496	222.000000	1341.339355	4540.538086	4.800000	-2.528311	73.702286	660.313721	236.220154	-179.455353	0:20	2:54	OUT	OUT	-4.317231	-2.809371	6.400000	189.899994
21398	0:07	1341.371216	4540.504395	1341.056152	4540.833496	222.000000	1341.338867	4540.536621	4.900000	-4.559550	72.099533	662.028320	236.220139	-179.024902	0:20	2:56	OUT	OUT	-7.779174	-5.067897	6.400000	189.399994
21399	0:08	1341.371216	4540.504395	1341.056152	4540.833496	222.000000	1341.338745	4540.535645	4.900000	-5.564669	70.804955	663.405273	236.220139	-178.629456	0:19	2:56	OUT	OUT	-9.486754	-6.186749	6.400000	189.399994
21400	0:09	1341.371216	4540.504395	1341.056152	4540.833496	222.000000	1341.338745	4540.535156	4.900000	-6.272308	69.810432	664.469421	236.220123	-178.962097	0:19	2:56	OUT	OUT	-10.700047	-6.971913	6.400000	188.699997
21401	0:09	1341.371216	4540.504395	1341.056152	4540.833496	222.000000	1341.338135	4540.533691	4.900000	-8.067670	68.652702	665.839783	236.220123	-179.964294	0:19	2:56	OUT	OUT	-13.789646	-8.961411	6.400000	188.699997
21402	0:11	1341.371216	4540.504395	1341.056152	4540.833496	221.000000	1341.337280	4540.532227	4.900000	-10.642768	67.175179	667.726135	236.220123	-180.886139	0:18	2:55	OUT	OUT	-18.223867	-11.814389	6.400000	188.699997
21403	0:12	1341.371216	4540.504395	1341.056152	4540.833496	221.000000	1341.337158	4540.530273	4.900000	-12.652997	64.834831	670.499329	236.220108	-181.634003	0:17	2:56	OUT	OUT	-21.697756	-14.038810	6.400000	187.899994
21404	0:13	1341.371216	4540.504395	1341.056152	4540.833496	221.000000	1341.336914	4540.529297	4.900000	-14.140378	63.622387	672.085815	236.220108	-182.321899	0:17	2:59	OUT	OUT	-24.281103	-15.681814	6.400000	187.899994
21405	0:14	1341.371216	4540.504395	1341.056152	4540.833496	221.000000	1341.337158	4540.528320	4.900000	-14.540040	62.482548	673.357971	236.220093	-184.542847	0:17	3:00	OUT	OUT	-25.076889	-16.100986	6.400000	186.300003
21406	0:15	1341.371216	4540.504395	1341.056152	4540.833496	221.000000	1341.336670	4540.526855	4.900000	-16.807165	61.069252	675.466492	236.220093	-183.309357	0:16	2:59	OUT	OUT	-28.916470	-18.626911	6.400000	186.300003
21407	0:16	1341.371216	4540.504395	1341.056152	4540.833496	221.000000	1341.336548	4540.524902	4.900000	-18.817398	59.050835	678.257019	236.220093	-182.174438	0:16	2:57	OUT	OUT	-32.302876	-20.870750	6.400000	186.300003
21408	0:17	1341.371216	4540.504395	1341.056152	4540.833496	222.000000	1341.336060	4540.523438	5.000000	-21.084520	57.892143	680.379089	236.220078	-178.347931	0:15	2:54	OUT	OUT	-32.844856	-22.730278	7.200000	183.699997
21409	0:18	1341.371216	4540.504395	1341.056152	4540.833496	222.000000	1341.336182	4540.521973	5.000000	-22.612497	56.122387	682.977539	236.220062	-174.822266	0:14	2:50	OUT	OUT	-35.018517	-24.426508	7.200000	183.699997
21410	0:19	1341.371216	4540.504395	1341.056152	4540.833496	222.000000	1341.336182	4540.520996	5.000000	-23.791901	55.013054	684.779663	236.220062	-173.268402	0:13	2:49	OUT	OUT	-36.750378	-25.723486	7.200000	182.000000
21411	0:20	1341.371216	4540.504395	1341.056152	4540.833496	222.000000	1341.335938	4540.519531	5.100000	-25.217684	54.224636	686.427917	236.220062	-169.645447	0:13	2:54	OUT	OUT	-38.721798	-27.322392	7.200000	182.000000
21412	0:21	1341.371216	4540.504395	1341.056152	4540.833496	223.000000	1341.335693	4540.517578	5.100000	-27.761288	52.535431	689.925964	236.220047	-166.307770	0:13	3:01	OUT	OUT	-46.232380	-31.130625	6.400000	182.000000
21413	0:22	1341.371216	4540.504395	1341.056152	4540.833496	223.000000	1341.335449	4540.516113	5.200000	-29.125477	51.903923	691.620300	236.220047	-165.132538	0:13	3:03	OUT	OUT	-48.398346	-32.687691	6.400000	180.100006
21414	0:23	1341.371216	4540.504395	1341.056152	4540.833496	223.000000	1341.335693	4540.514648	5.200000	-30.479168	50.931568	693.833557	236.220032	-160.054321	0:13	2:58	OUT	OUT	-46.084854	-33.211712	7.200000	180.100006
21415	0:24	1341.371216	4540.504395	1341.056152	4540.833496	223.000000	1341.335938	4540.514160	5.200000	-31.176311	50.109177	695.438232	236.220032	-155.373749	0:12	2:51	OUT	OUT	-46.793423	-34.068359	7.200000	180.100006
21416	0:25	1341.371216	4540.504395	1341.056152	4540.833496	224.000000	1341.335693	4540.512207	5.300000	-33.371338	49.540745	698.152100	236.220032	-151.761993	0:12	2:50	OUT	OUT	-49.808109	-36.548515	7.200000	180.600006
21417	0:26	1341.371216	4540.504395	1341.056152	4540.833496	224.000000	1341.335815	4540.509766	5.300000	-35.606960	48.551628	701.866516	236.220032	-148.435577	0:13	2:54	OUT	OUT	-52.874165	-39.078205	7.200000	180.600006
21418	0:27	1341.371216	4540.504395	1341.056152	4540.833496	224.000000	1341.335571	4540.508301	5.400000	-37.442921	48.395195	704.303467	236.220016	-143.364258	0:13	2:56	OUT	OUT	-55.174843	-41.225609	7.200000	182.600006
21419	0:28	1341.371216	4540.504395	1341.056152	4540.833496	225.000000	1341.335449	4540.506836	5.400000	-38.981400	48.364433	706.417236	236.220001	-140.904175	0:14	2:58	OUT	OUT	-57.230614	-42.987419	7.200000	182.600006
21420	0:29	1341.371216	4540.504395	1341.056152	4540.833496	225.000000	1341.335327	4540.505859	5.400000	-40.109711	48.542072	707.765259	236.220001	-138.639618	0:14	3:02	OUT	OUT	-58.689159	-44.296619	7.200000	182.600006
21421	0:30	1341.371216	4540.504395	1341.056152	4540.833496	225.000000	1341.335449	4540.503906	5.500000	-41.514500	48.310909	710.474915	236.220001	-136.152313	0:14	3:06	OUT	OUT	-65.530830	-47.609089	6.400000	183.199997
21422	0:31	1341.371216	4540.504395	1341.056152	4540.833496	225.000000	1341.335327	4540.501465	5.500000	-44.468269	48.990845	714.794678	236.219986	-133.862823	0:14	3:11	OUT	OUT	-69.922722	-51.087753	6.400000	183.199997
21423	0:32	1341.371216	4540.504395	1341.056152	4540.833496	225.000000	1341.335327	4540.501465	5.600000	-46.242641	49.685467	717.288208	236.219986	-130.645874	0:14	3:13	OUT	OUT	-72.322426	-53.261013	6.400000	184.300003
21424	0:33	1341.371216	4540.504395	1341.056152	4540.833496	225.000000	1341.334839	4540.498535	5.600000	-48.150700	50.862816	719.195862	236.219971	-130.511322	0:14	3:12	OUT	OUT	-75.289703	-55.464573	6.400000	184.300003
21425	0:34	1341.371216	4540.504395	1341.056152	4540.833496	225.000000	1341.334717	4540.497559	5.600000	-48.919945	51.277782	720.262085	236.219971	-130.387665	0:14	3:09	OUT	OUT	-76.476784	-56.356186	6.400000	184.300003
21426	0:35	1341.371216	4540.504395	1341.056152	4540.833496	225.000000	1341.334229	4540.496094	5.700000	-51.125484	52.820320	722.507507	236.219971	-130.879120	0:14	3:08	OUT	OUT	-79.990143	-58.874081	6.400000	185.199997
21427	0:36	1341.371216	4540.504395	1341.056152	4540.833496	225.000000	1341.333862	4540.493652	5.700000	-54.212959	55.078094	726.271912	236.219955	-131.331543	0:14	3:06	OUT	OUT	-78.480095	-60.160763	7.200000	185.199997
21428	0:37	1341.371216	4540.504395	1341.056152	4540.833496	225.000000	1341.333862	4540.493652	5.800000	-56.110519	56.599033	728.712708	236.219940	-133.159729	0:15	3:06	OUT	OUT	-81.443169	-62.190945	7.200000	183.800003
21429	0:38	1341.371216	4540.504395	1341.056152	4540.833496	225.000000	1341.333618	4540.490723	5.800000	-57.228333	57.503227	730.598450	236.219940	-131.613159	0:15	3:11	OUT	OUT	-89.648277	-65.863670	6.400000	183.800003
21430	0:39	1341.371216	4540.504395	1341.056152	4540.833496	226.000000	1341.333740	4540.489746	5.800000	-58.161366	58.278179	732.593933	236.219940	-130.190430	0:14	3:20	OUT	OUT	-90.894112	-67.012840	6.400000	183.800003
21431	0:40	1341.371216	4540.504395	1341.056152	4540.833496	225.000000	1341.333740	4540.487793	5.900000	-60.284309	60.286503	735.928467	236.219925	-130.596924	0:14	3:24	OUT	OUT	-94.275558	-69.436501	6.400000	183.600006
21432	0:41	1341.371216	4540.504395	1341.056152	4540.833496	225.000000	1341.333618	4540.486328	5.900000	-61.884388	61.902027	738.046387	236.219925	-130.971008	0:14	3:26	OUT	OUT	-96.838173	-71.258430	6.400000	183.600006
21433	0:42	1341.371216	4540.504395	1341.056152	4540.833496	226.000000	1341.333374	4540.485352	5.900000	-63.074303	63.133064	739.388245	236.219910	-128.691101	0:14	3:27	OUT	OUT	-98.327156	-72.760033	6.400000	186.199997
21434	0:43	1341.371216	4540.504395	1341.056152	4540.833496	226.000000	1341.333252	4540.483887	5.900000	-64.551193	64.729248	741.582336	236.219910	-129.621368	0:15	3:21	OUT	OUT	-100.784767	-74.408707	6.400000	186.199997
21435	0:44	1341.371216	4540.504395	1341.056152	4540.833496	225.000000	1341.332764	4540.481445	5.900000	-67.946671	68.432625	745.214905	236.219910	-130.476898	0:17	3:12	OUT	OUT	-98.239746	-75.444237	7.200000	186.199997
21436	0:45	1341.371216	4540.504395	1341.056152	4540.833496	225.000000	1341.332397	4540.479980	5.800000	-69.905830	70.675682	747.648499	236.219879	-130.961334	0:18	3:09	OUT	OUT	-101.143219	-77.594475	7.200000	187.000000
21437	0:46	1341.371216	4540.504395	1341.056152	4540.833496	225.000000	1341.332153	4540.478516	5.800000	-71.864990	72.972542	750.086182	236.219879	-131.406708	0:18	3:09	OUT	OUT	-104.044952	-79.745453	7.200000	187.000000
21438	0:47	1341.371216	4540.504395	1341.056152	4540.833496	225.000000	1341.332031	4540.477539	5.800000	-73.167595	74.560783	751.884827	236.219879	-131.715668	0:19	3:08	OUT	OUT	-105.978340	-81.174194	7.200000	187.100006
21439	0:49	1341.371216	4540.504395	1341.056152	4540.833496	225.000000	1341.331787	4540.475586	5.800000	-75.362648	77.247704	754.703430	236.219879	-132.100830	0:19	3:09	OUT	OUT	-109.218758	-83.588036	7.200000	187.100006
21440	0:50	1341.371216	4540.504395	1341.056152	4540.833496	225.000000	1341.331299	4540.473633	5.800000	-77.742493	80.139198	757.423035	236.219864	-132.454620	0:20	3:10	OUT	OUT	-112.725700	-86.207359	7.200000	187.100006
21441	0:51	1341.371216	4540.504395	1341.056152	4540.833496	225.000000	1341.331055	4540.471680	5.800000	-80.111824	83.201012	760.661865	236.219849	-131.570251	0:21	3:10	OUT	OUT	-116.012062	-88.886932	7.200000	186.100006
21442	0:52	1341.371216	4540.504395	1341.056152	4540.833496	225.000000	1341.330811	4540.470703	5.800000	-81.127457	84.410660	761.616516	236.219849	-130.756439	0:22	3:09	OUT	OUT	-117.344406	-90.062653	7.200000	186.100006
21443	0:53	1341.371216	4540.504395	1341.056152	4540.833496	225.000000	1341.330811	4540.469727	5.700000	-82.306877	86.042038	763.495850	236.219849	-131.420197	0:22	3:08	OUT	OUT	-119.164841	-91.331535	7.200000	184.699997
21444	0:54	1341.371216	4540.504395	1341.056152	4540.833496	225.000000	1341.330811	4540.467773	5.700000	-84.193947	88.695343	766.505493	236.219833	-132.131226	0:22	3:15	OUT	OUT	-122.022850	-93.381317	7.200000	184.699997
21445	0:55	1341.371216	4540.504395	1341.056152	4540.833496	225.000000	1341.330933	4540.465820	5.700000	-85.773033	91.177330	769.688660	236.219833	-132.785309	0:22	3:26	OUT	OUT	-134.627289	-98.624489	6.400000	184.699997
21446	0:56	1341.371216	4540.504395	1341.056152	4540.833496	225.000000	1341.330811	4540.464355	5.700000	-87.311523	93.324615	771.881897	236.219818	-134.092224	0:23	3:25	OUT	OUT	-137.343140	-100.290573	6.400000	184.100006
21447	0:57	1341.371216	4540.504395	1341.056152	4540.833496	225.000000	1341.330811	4540.462891	5.700000	-89.321800	96.190300	774.832092	236.219818	-135.294373	0:25	3:17	OUT	OUT	-130.053909	-98.861816	7.200000	184.100006
21448	0:58	1341.371216	4540.504395	1341.056152	4540.833496	225.000000	1341.330566	4540.461914	5.800000	-90.870789	98.194740	776.517639	236.219818	-134.485901	0:25	3:16	OUT	OUT	-132.152618	-100.629814	7.200000	186.000000
21449	0:59	1341.371216	4540.504395	1341.056152	4540.833496	225.000000	1341.330444	4540.460449	5.800000	-92.111809	100.002029	778.373657	236.219803	-137.267090	0:26	3:15	OUT	OUT	-134.506088	-101.818108	7.200000	186.000000
21450	1:00	1341.371216	4540.504395	1341.056152	4540.833496	225.000000	1341.330322	4540.458496	5.800000	-94.122070	102.934570	781.332703	236.219788	-139.824249	0:27	3:12	OUT	OUT	-137.963257	-103.867264	7.200000	186.000000
21451	1:01	1341.371216	4540.504395	1341.056152	4540.833496	225.000000	1341.329956	4540.456543	5.800000	-96.912086	106.812187	784.886658	236.219788	-140.968781	0:28	3:12	OUT	OUT	-142.295303	-106.867073	7.200000	187.199997
21452	1:02	1341.371216	4540.504395	1341.056152	4540.833496	224.000000	1341.329956	4540.455078	5.800000	-98.029915	108.591309	786.815735	236.219788	-143.529205	0:29	3:13	OUT	OUT	-144.489883	-107.922035	7.200000	187.199997
21453	1:03	1341.371216	4540.504395	1341.056152	4540.833496	224.000000	1341.329834	4540.454102	5.800000	-99.270935	110.457062	788.679443	236.219788	-145.883484	0:29	3:13	OUT	OUT	-146.840073	-109.124489	7.200000	187.199997
21454	1:04	1341.371216	4540.504395	1341.056152	4540.833496	224.000000	1341.329590	4540.452637	5.900000	-101.230103	113.215942	791.172180	236.219757	-147.947601	0:30	3:15	OUT	OUT	-150.208618	-111.132980	7.200000	188.199997
21455	1:05	1341.371216	4540.504395	1341.056152	4540.833496	224.000000	1341.329102	4540.450195	5.900000	-104.143318	117.243515	794.678284	236.219757	-149.845428	0:31	3:18	OUT	OUT	-154.980515	-114.194977	7.200000	188.199997
21456	1:06	1341.371216	4540.504395	1341.056152	4540.833496	224.000000	1341.328735	4540.448730	5.900000	-106.164093	120.063255	797.146973	236.219757	-151.690979	0:32	3:20	OUT	OUT	-158.436859	-116.276779	7.200000	188.100006
21457	1:07	1341.371216	4540.504395	1341.056152	4540.833496	224.000000	1341.328247	4540.447266	5.900000	-108.133774	122.621422	799.140503	236.219742	-153.287506	0:32	3:21	OUT	OUT	-161.775238	-118.316826	7.200000	188.100006
21458	1:08	1341.371216	4540.504395	1341.056152	4540.833496	224.000000	1341.328125	4540.446777	5.900000	-108.667152	123.405334	799.870667	236.219742	-154.756104	0:32	3:22	OUT	OUT	-162.944565	-118.792740	7.200000	188.100006
21459	1:09	1341.371216	4540.504395	1341.056152	4540.833496	224.000000	1341.327637	4540.444824	5.900000	-111.108597	126.720284	802.632568	236.219727	-154.904022	0:33	3:23	OUT	OUT	-166.643921	-121.450638	7.200000	186.800003
21460	1:10	1341.371216	4540.504395	1341.056152	4540.833496	224.000000	1341.327515	4540.443359	5.900000	-112.944588	129.462845	805.210327	236.219727	-155.040253	0:34	3:22	OUT	OUT	-169.433502	-123.447166	7.200000	186.800003
21461	1:11	1341.371216	4540.504395	1341.056152	4540.833496	223.000000	1341.327393	4540.442383	5.900000	-114.247200	131.423355	807.057800	236.219727	-156.267242	0:35	3:22	OUT	OUT	-171.716370	-124.776917	7.200000	185.699997
21462	1:12	1341.371216	4540.504395	1341.056152	4540.833496	223.000000	1341.326782	4540.438965	5.900000	-118.401451	137.462723	812.481323	236.219696	-156.093872	0:37	3:21	OUT	OUT	-177.912064	-129.327789	7.200000	185.699997
21463	1:13	1341.371216	4540.504395	1341.056152	4540.833496	223.000000	1341.326660	4540.437988	5.900000	-119.293884	138.706482	813.536011	236.219696	-155.934418	0:38	3:17	OUT	OUT	-179.208328	-130.315323	7.200000	185.699997
21464	1:14	1341.371216	4540.504395	1341.056152	4540.833496	223.000000	1341.326172	4540.436523	5.900000	-121.437874	141.643555	815.967957	236.219696	-155.887604	0:38	3:18	OUT	OUT	-182.415817	-132.661224	7.200000	185.800003
21465	1:15	1341.371216	4540.504395	1341.056152	4540.833496	223.000000	1341.325806	4540.435059	5.900000	-123.520241	144.553131	818.435425	236.219696	-155.845032	0:39	3:22	OUT	OUT	-185.531403	-134.939545	7.200000	185.800003
21466	1:16	1341.371216	4540.504395	1341.056152	4540.833496	223.000000	1341.325684	4540.434082	5.900000	-124.351112	145.770355	819.525330	236.219681	-156.606873	0:39	3:24	OUT	OUT	-187.002106	-135.783844	7.200000	185.000000
21467	1:17	1341.371216	4540.504395	1341.056152	4540.833496	224.000000	1341.325317	4540.431152	5.900000	-127.787193	150.976562	824.338013	236.219666	-154.302673	0:41	3:24	OUT	OUT	-191.479599	-139.733414	7.200000	185.000000
21468	1:18	1341.371216	4540.504395	1341.056152	4540.833496	224.000000	1341.324951	4540.430176	5.900000	-129.274597	153.065613	826.107727	236.219666	-152.181610	0:42	3:23	OUT	OUT	-193.072556	-141.545547	7.200000	185.000000
21469	1:19	1341.371216	4540.504395	1341.056152	4540.833496	224.000000	1341.324951	4540.428223	5.900000	-131.397583	156.565475	829.576050	236.219650	-151.332123	0:43	3:24	OUT	OUT	-195.986176	-143.946045	7.200000	185.000000
21470	1:20	1341.371216	4540.504395	1341.056152	4540.833496	224.000000	1341.324951	4540.426758	5.900000	-132.812897	158.906876	831.889954	236.219650	-150.550476	0:43	3:26	OUT	OUT	-197.859039	-145.567459	7.200000	185.000000
21471	1:21	1341.371216	4540.504395	1341.056152	4540.833496	224.000000	1341.324707	4540.425781	5.900000	-134.064407	160.614487	833.279419	236.219635	-148.125580	0:44	3:27	OUT	OUT	-198.983139	-147.162857	7.200000	186.699997
21472	1:22	1341.371216	4540.504395	1341.056152	4540.833496	224.000000	1341.324341	4540.422852	5.900000	-137.562134	165.907913	838.086426	236.219635	-148.603912	0:45	3:30	OUT	OUT	-204.323746	-150.956833	7.200000	186.699997
21473	1:23	1341.371216	4540.504395	1341.056152	4540.833496	224.000000	1341.324585	4540.421387	5.900000	-138.905350	168.523056	840.945435	236.219635	-149.044067	0:46	3:34	OUT	OUT	-206.457779	-152.388687	7.200000	186.699997
21474	1:24	1341.371216	4540.504395	1341.056152	4540.833496	224.000000	1341.324341	4540.419922	6.000000	-140.628647	171.025848	843.114746	236.219620	-148.846558	0:47	3:34	OUT	OUT	-208.955963	-154.298447	7.200000	188.899994
21475	1:25	1341.371216	4540.504395	1341.056152	4540.833496	224.000000	1341.323853	4540.418457	6.000000	-142.300858	173.216766	844.808289	236.219604	-148.664948	0:47	3:31	OUT	OUT	-211.381943	-156.151016	7.200000	188.899994
